
    <record>
        <leader>01348cam a2200397 c 4500</leader>
        <controlfield tag="001">990810893254702202</controlfield>
        <controlfield tag="005">20230531171612.0</controlfield>
        <controlfield tag="007">ta</controlfield>
        <controlfield tag="008">131016s2008    gw     e |||||000|j|ger| </controlfield>
        <datafield tag="014" ind1="1" ind2=" ">
            <subfield code="a">081089325</subfield>
            <subfield code="b">(NO-TrBIB)</subfield>
        </datafield>
        <datafield tag="015" ind1=" " ind2=" ">
            <subfield code="a">1331665</subfield>
            <subfield code="2">nbf</subfield>
        </datafield>
        <datafield tag="020" ind1=" " ind2=" ">
            <subfield code="a">9783498021245</subfield>
            <subfield code="q">ib.</subfield>
        </datafield>
        <datafield tag="040" ind1=" " ind2=" ">
            <subfield code="a">NO-OsNB</subfield>
            <subfield code="b">nob</subfield>
            <subfield code="e">katreg</subfield>
        </datafield>
        <datafield tag="041" ind1="1" ind2=" ">
            <subfield code="a">ger</subfield>
            <subfield code="h">nno</subfield>
        </datafield>
        <datafield tag="042" ind1=" " ind2=" ">
            <subfield code="a">norbibl</subfield>
        </datafield>
        <datafield tag="044" ind1=" " ind2=" ">
            <subfield code="c">de</subfield>
        </datafield>
        <datafield tag="082" ind1="7" ind2="4">
            <subfield code="a">839.823</subfield>
            <subfield code="q">NO-OsNB</subfield>
            <subfield code="2">5/nor</subfield>
        </datafield>
        <datafield tag="100" ind1="1" ind2=" ">
            <subfield code="a">Fosse, Jon</subfield>
            <subfield code="d">1959-</subfield>
            <subfield code="0">(NO-TrBIB)90114341</subfield>
            <subfield code="1">http://viaf.org/viaf/34494041</subfield>
            <subfield code="4">aut</subfield>
            <subfield code="4">http://rdaregistry.info/Elements/w/object/P10061</subfield>
        </datafield>
        <datafield tag="240" ind1="1" ind2="0">
            <subfield code="a">Andvake</subfield>
            <subfield code="k">Roman</subfield>
            <subfield code="1">http://viaf.org/viaf/7707165326352216290002</subfield>
            <subfield code="8">0</subfield>
        </datafield>
        <datafield tag="740" ind1="1" ind2="0">
            <subfield code="a">Schlaflos</subfield>
            <subfield code="8">0</subfield>
        </datafield>
        <datafield tag="245" ind1="1" ind2="0">
            <subfield code="a">Schlaflos :</subfield>
            <subfield code="b">Erzählung</subfield>
            <subfield code="c">Jon Fosse ; aus dem Norwegischen von Hinrich Schmidt-Henkel</subfield>
        </datafield>
        <datafield tag="246" ind1="1" ind2=" ">
            <subfield code="i">Originaltittel:</subfield>
            <subfield code="a">Andvake</subfield>
        </datafield>
        <datafield tag="260" ind1=" " ind2=" ">
            <subfield code="a">Reinbek bei Hamburg</subfield>
            <subfield code="b">Rowohlt</subfield>
            <subfield code="c">2008</subfield>
        </datafield>
        <datafield tag="300" ind1=" " ind2=" ">
            <subfield code="a">78 s.</subfield>
        </datafield>
        <datafield tag="336" ind1=" " ind2=" ">
            <subfield code="a">tekst</subfield>
            <subfield code="0">http://rdaregistry.info/termList/RDAContentType/1020</subfield>
            <subfield code="2">rdaco</subfield>
        </datafield>
        <datafield tag="337" ind1=" " ind2=" ">
            <subfield code="a">uformidlet</subfield>
            <subfield code="0">http://rdaregistry.info/termList/RDAMediaType/1007</subfield>
            <subfield code="2">rdamt</subfield>
        </datafield>
        <datafield tag="338" ind1=" " ind2=" ">
            <subfield code="a">bind</subfield>
            <subfield code="0">http://rdaregistry.info/termList/RDACarrierType/1049</subfield>
            <subfield code="2">rdact</subfield>
        </datafield>
        <datafield tag="655" ind1=" " ind2="7">
            <subfield code="a">Fortellinger</subfield>
            <subfield code="0">(uri)https://id.nb.no/vocabulary/ntsf/107</subfield>
            <subfield code="2">ntsf</subfield>
        </datafield>
        <datafield tag="700" ind1="1" ind2=" ">
            <subfield code="a">Schmidt-Henkel, Hinrich</subfield>
            <subfield code="d">1959-</subfield>
            <subfield code="4">trl</subfield>
            <subfield code="0">(NO-TrBIB)90772685</subfield>
            <subfield code="1">http://viaf.org/viaf/79151651</subfield>
            <subfield code="4">http://rdaregistry.info/Elements/e/object/P20037</subfield>
        </datafield>
    </record>