
    <record>
        <leader>02006cam a2200493 c 4500</leader>
        <controlfield tag="001">990904500194702202</controlfield>
        <controlfield tag="005">20230531173852.0</controlfield>
        <controlfield tag="007">cr||||||||||||</controlfield>
        <controlfield tag="007">ta</controlfield>
        <controlfield tag="008">150407s2009    no ||||e |||||000|0|nno| </controlfield>
        <datafield tag="014" ind1="1" ind2=" ">
            <subfield code="a">090450019</subfield>
            <subfield code="b">(NO-TrBIB)</subfield>
        </datafield>
        <datafield tag="014" ind1="1" ind2=" ">
            <subfield code="a">090450019</subfield>
            <subfield code="b">(NO-TrBIB)</subfield>
        </datafield>
        <datafield tag="040" ind1=" " ind2=" ">
            <subfield code="a">NO-OsNB</subfield>
            <subfield code="b">nob</subfield>
            <subfield code="e">katreg</subfield>
        </datafield>
        <datafield tag="240" ind1="1" ind2="0">
            <subfield code="a">Andvake</subfield>
            <subfield code="k">Teaterprogram</subfield>
            <subfield code="1">http://viaf.org/viaf/7707165326352216290002/play/program</subfield>
        </datafield>
        <datafield tag="245" ind1="0" ind2="0">
            <subfield code="a">Andvake</subfield>
        </datafield>
        <datafield tag="260" ind1=" " ind2=" ">
            <subfield code="a">[Oslo]</subfield>
            <subfield code="b">Det norske teatret</subfield>
            <subfield code="b">Rikskonsertane</subfield>
            <subfield code="c">[2009]</subfield>
        </datafield>
        <datafield tag="300" ind1=" " ind2=" ">
            <subfield code="a">15 s.</subfield>
            <subfield code="b">ill.</subfield>
        </datafield>
        <datafield tag="336" ind1=" " ind2=" ">
            <subfield code="a">tekst</subfield>
            <subfield code="0">http://rdaregistry.info/termList/RDAContentType/1020</subfield>
            <subfield code="2">rdaco</subfield>
        </datafield>
        <datafield tag="337" ind1=" " ind2=" ">
            <subfield code="a">uformidlet</subfield>
            <subfield code="0">http://rdaregistry.info/termList/RDAMediaType/1007</subfield>
            <subfield code="2">rdamt</subfield>
        </datafield>
        <datafield tag="338" ind1=" " ind2=" ">
            <subfield code="a">bind</subfield>
            <subfield code="0">http://rdaregistry.info/termList/RDACarrierType/1049</subfield>
            <subfield code="2">rdact</subfield>
        </datafield>
        <datafield tag="500" ind1=" " ind2=" ">
            <subfield code="a">Premiere 28. januar 2009 på Prøvesalen</subfield>
        </datafield>
        <datafield tag="500" ind1=" " ind2=" ">
            <subfield code="a">Programredaksjon: Ola E. Bø ... et al.</subfield>
        </datafield>
        <datafield tag="500" ind1=" " ind2=" ">
            <subfield code="a">Stykket skrevet av Jon Fosse</subfield>
        </datafield>
        <datafield tag="533" ind1=" " ind2=" ">
            <subfield code="a">Elektronisk reproduksjon</subfield>
            <subfield code="b">[Norge]</subfield>
            <subfield code="c">Nasjonalbiblioteket Digital</subfield>
            <subfield code="d">2013-01-16</subfield>
        </datafield>
        <datafield tag="655" ind1=" " ind2="7">
            <subfield code="a">Teaterprogrammer</subfield>
            <subfield code="0">(uri)https://id.nb.no/vocabulary/ntsf/300</subfield>
            <subfield code="2">ntsf</subfield>
        </datafield>
        <datafield tag="700" ind1="1" ind2=" ">
            <subfield code="a">Bø, Ola E.</subfield>
            <subfield code="d">1948-</subfield>
            <subfield code="0">(NO-TrBIB)90740190</subfield>
            <subfield code="1">http://example.org/bo</subfield>
            <subfield code="4">edt</subfield>
        </datafield>
        <datafield tag="700" ind1="1" ind2=" ">
            <subfield code="i">Teaterforestillingen er basert på (verk):</subfield>
            <subfield code="a">Fosse, Jon</subfield>
            <subfield code="d">1959-</subfield>
            <subfield code="t">Andvake</subfield>
            <subfield code="0">(NO-TrBIB)90114341</subfield>
            <subfield code="k">Roman</subfield>
            <subfield code="1">http://viaf.org/viaf/7707165326352216290002</subfield>
        </datafield>
        <datafield tag="710" ind1="2" ind2=" ">
            <subfield code="a">Det Norske teatret</subfield>
            <subfield code="0">(NO-TrBIB)90061105</subfield>
            <subfield code="4">pbl</subfield>
        </datafield>
        <datafield tag="710" ind1="2" ind2=" ">
            <subfield code="a">Rikskonsertene</subfield>
            <subfield code="0">(NO-TrBIB)90404808</subfield>
            <subfield code="4">pbl</subfield>
        </datafield>
    </record>