
    <record>
        <leader>01337cam a2200397 c 4500</leader>
        <controlfield tag="001">991019764294702202</controlfield>
        <controlfield tag="005">20230531190727.0</controlfield>
        <controlfield tag="007">ta</controlfield>
        <controlfield tag="008">140429s2010    ne     e |||||000|f|dut| </controlfield>
        <datafield tag="014" ind1="1" ind2=" ">
            <subfield code="a">101976429</subfield>
            <subfield code="b">(NO-TrBIB)</subfield>
        </datafield>
        <datafield tag="015" ind1=" " ind2=" ">
            <subfield code="a">1105733</subfield>
            <subfield code="2">nbf</subfield>
        </datafield>
        <datafield tag="020" ind1=" " ind2=" ">
            <subfield code="a">9789028423497</subfield>
            <subfield code="q">h.</subfield>
        </datafield>
        <datafield tag="040" ind1=" " ind2=" ">
            <subfield code="a">NO-OsNB</subfield>
            <subfield code="b">nob</subfield>
            <subfield code="e">katreg</subfield>
        </datafield>
        <datafield tag="041" ind1="1" ind2=" ">
            <subfield code="a">dut</subfield>
            <subfield code="h">nno</subfield>
        </datafield>
        <datafield tag="042" ind1=" " ind2=" ">
            <subfield code="a">norbibl</subfield>
        </datafield>
        <datafield tag="044" ind1=" " ind2=" ">
            <subfield code="c">nl</subfield>
        </datafield>
        <datafield tag="082" ind1="7" ind2="4">
            <subfield code="a">839.823</subfield>
            <subfield code="q">NO-OsNB</subfield>
            <subfield code="2">5/nor</subfield>
        </datafield>
        <datafield tag="100" ind1="1" ind2=" ">
            <subfield code="a">Fosse, Jon</subfield>
            <subfield code="d">1959-</subfield>
            <subfield code="0">(NO-TrBIB)90114341</subfield>
            <subfield code="1">http://viaf.org/viaf/34494041</subfield>
            <subfield code="4">aut</subfield>
            <subfield code="4">http://rdaregistry.info/Elements/w/object/P10061</subfield>
        </datafield>
        <datafield tag="240" ind1="1" ind2="0">
            <subfield code="a">Andvake</subfield>
            <subfield code="k">Roman</subfield>
            <subfield code="1">http://viaf.org/viaf/7707165326352216290002</subfield>
        </datafield>
        <datafield tag="245" ind1="1" ind2="0">
            <subfield code="a">Slapeloos</subfield>
            <subfield code="c">Jon Fosse ; [uit het Noors vertaald door Marianne Molenaar]</subfield>
        </datafield>
        <datafield tag="246" ind1="1" ind2=" ">
            <subfield code="i">Originaltittel:</subfield>
            <subfield code="a">Andvake</subfield>
        </datafield>
        <datafield tag="260" ind1=" " ind2=" ">
            <subfield code="a">Amsterdam</subfield>
            <subfield code="b">Wereldbibliotheek</subfield>
            <subfield code="c">2010</subfield>
        </datafield>
        <datafield tag="300" ind1=" " ind2=" ">
            <subfield code="a">79 s.</subfield>
        </datafield>
        <datafield tag="336" ind1=" " ind2=" ">
            <subfield code="a">tekst</subfield>
            <subfield code="0">http://rdaregistry.info/termList/RDAContentType/1020</subfield>
            <subfield code="2">rdaco</subfield>
        </datafield>
        <datafield tag="337" ind1=" " ind2=" ">
            <subfield code="a">uformidlet</subfield>
            <subfield code="0">http://rdaregistry.info/termList/RDAMediaType/1007</subfield>
            <subfield code="2">rdamt</subfield>
        </datafield>
        <datafield tag="338" ind1=" " ind2=" ">
            <subfield code="a">bind</subfield>
            <subfield code="0">http://rdaregistry.info/termList/RDACarrierType/1049</subfield>
            <subfield code="2">rdact</subfield>
        </datafield>
        <datafield tag="655" ind1=" " ind2="7">
            <subfield code="a">Fortellinger</subfield>
            <subfield code="0">(uri)https://id.nb.no/vocabulary/ntsf/107</subfield>
            <subfield code="2">ntsf</subfield>
        </datafield>
        <datafield tag="700" ind1="1" ind2=" ">
            <subfield code="a">Molenaar, Marianne</subfield>
            <subfield code="d">1952-</subfield>
            <subfield code="4">trl</subfield>           
            <subfield code="4">http://rdaregistry.info/Elements/e/object/P20037</subfield>
            <subfield code="0">(NO-TrBIB)11048585</subfield>
            <subfield code="1">http://example.org/molenaar</subfield>
        </datafield>
    </record>