
    <record>
        <leader>01228caa a2200397 c 4500</leader>
        <controlfield tag="001">991127771554702202</controlfield>
        <controlfield tag="005">20230531195454.0</controlfield>
        <controlfield tag="007">ta</controlfield>
        <controlfield tag="008">110601s2011    no     e||||||||||0|nno|c</controlfield>
        <datafield tag="040" ind1=" " ind2=" ">
            <subfield code="a">NO-TrBIB</subfield>
            <subfield code="b">nob</subfield>
            <subfield code="e">katreg</subfield>
        </datafield>
        <datafield tag="100" ind1="1" ind2=" ">
            <subfield code="a">Vederhus, Inger</subfield>
            <subfield code="d">1953-</subfield>
            <subfield code="0">(NO-TrBIB)90170956</subfield>
            <subfield code="4">aut</subfield>
            <subfield code="1">http://viaf.org/viaf/1148207730500341681</subfield>
            <subfield code="4">http://rdaregistry.info/Elements/w/object/P10061</subfield>
        </datafield>
        <datafield tag="240" ind1="1" ind2="0">
            <subfield code="a">Andvake i eit klasserom</subfield>
            <subfield code="k">Sakprosa</subfield>
            <subfield code="1">http://viaf.org/viaf/7707165326352216290002/samtale</subfield>
        </datafield>
        <datafield tag="245" ind1="1" ind2="0">
            <subfield code="a">Andvake i eit klasserom :</subfield>
            <subfield code="b">utforskande samtale om Jon Fosse på ungdomstrinnet</subfield>
            <subfield code="c">Inger Vederhus</subfield>
        </datafield>
        <datafield tag="260" ind1=" " ind2=" ">
            <subfield code="c">2011</subfield>
        </datafield>
        <datafield tag="300" ind1=" " ind2=" ">
            <subfield code="a">S. 219-244</subfield>
        </datafield>
        <datafield tag="336" ind1=" " ind2=" ">
            <subfield code="a">tekst</subfield>
            <subfield code="0">http://rdaregistry.info/termList/RDAContentType/1020</subfield>
            <subfield code="2">rdaco</subfield>
        </datafield>
        <datafield tag="337" ind1=" " ind2=" ">
            <subfield code="a">uformidlet</subfield>
            <subfield code="0">http://rdaregistry.info/termList/RDAMediaType/1007</subfield>
            <subfield code="2">rdamt</subfield>
        </datafield>
        <datafield tag="338" ind1=" " ind2=" ">
            <subfield code="a">bind</subfield>
            <subfield code="0">http://rdaregistry.info/termList/RDACarrierType/1049</subfield>
            <subfield code="2">rdact</subfield>
        </datafield>
        <datafield tag="600" ind1="1" ind2="7">
            <subfield code="a">Fosse, Jon</subfield>
            <subfield code="d">1959-</subfield>
            <subfield code="t">Andvake</subfield>
            <subfield code="0">(NO-TrBIB)90114341</subfield>
            <subfield code="2">bare</subfield>
            <subfield code="k">Roman</subfield>
            <subfield code="1">http://viaf.org/viaf/7707165326352216290002</subfield>           
        </datafield>
        <datafield tag="650" ind1=" " ind2="7">
            <subfield code="a">Undervisning</subfield>
            <subfield code="2">norvok</subfield>
        </datafield>
        <datafield tag="655" ind1=" " ind2="7">
            <subfield code="a">Bokkapitler</subfield>
            <subfield code="0">(uri)https://id.nb.no/vocabulary/ntsf/42</subfield>
            <subfield code="2">ntsf</subfield>
        </datafield>
        <datafield tag="773" ind1="0" ind2=" ">
            <subfield code="t">Norsk = nynorsk og bokmål</subfield>
            <subfield code="d">Oslo : Samlaget, cop. 2011</subfield>
            <subfield code="z">9788252173260</subfield>
            <subfield code="w">990918709254702201</subfield>
        </datafield>
    </record>