
    <record>
        <leader>01342ccm a2200397 c 4500</leader>
        <controlfield tag="001">991302891834702202</controlfield>
        <controlfield tag="005">20220826092422.0</controlfield>
        <controlfield tag="007">qu</controlfield>
        <controlfield tag="008">130115s2012    no ||a||||||||||||||nno| </controlfield>
        <datafield tag="014" ind1="1" ind2=" ">
            <subfield code="a">130289183</subfield>
            <subfield code="b">(NO-TrBIB)</subfield>
        </datafield>
        <datafield tag="015" ind1=" " ind2=" ">
            <subfield code="a">1306585</subfield>
            <subfield code="2">nbf</subfield>
        </datafield>
        <datafield tag="040" ind1=" " ind2=" ">
            <subfield code="a">NO-OsNB</subfield>
            <subfield code="b">nob</subfield>
            <subfield code="e">katreg</subfield>
        </datafield>
        <datafield tag="042" ind1=" " ind2=" ">
            <subfield code="a">norbibl</subfield>
        </datafield>
        <datafield tag="044" ind1=" " ind2=" ">
            <subfield code="c">no</subfield>
        </datafield>
        <datafield tag="082" ind1="7" ind2="4">
            <subfield code="a">782.14</subfield>
            <subfield code="q">NO-OsNB</subfield>
            <subfield code="2">5/nor</subfield>
        </datafield>
        <datafield tag="083" ind1="7" ind2=" ">
            <subfield code="a">783.14</subfield>
            <subfield code="q">NO-OsNB</subfield>
            <subfield code="2">5/nor</subfield>
        </datafield>
        <datafield tag="100" ind1="1" ind2=" ">
            <subfield code="a">Hellstenius, Henrik</subfield>
            <subfield code="d">1963-</subfield>
            <subfield code="0">(NO-TrBIB)90872713</subfield>
            <subfield code="4">cmp</subfield>
            <subfield code="1">http://viaf.org/viaf/261626873</subfield>
            <subfield code="4">http://rdaregistry.info/Elements/w/object/P10053</subfield>   
        </datafield>
        <datafield tag="240" ind1="1" ind2="0">
            <subfield code="a">Olavs draumar</subfield>
            <subfield code="k">Roman</subfield>
            <subfield code="1">http://viaf.org/viaf/1535159478113827990002/musikk</subfield>
        </datafield>
        <datafield tag="245" ind1="1" ind2="0">
            <subfield code="a">Å synge Olavs draumar</subfield>
            <subfield code="c">tekst: Jon Fosse ; komposisjon: Henrik Hellstenius</subfield>
            <subfield code="h">[musikktrykk]</subfield>
        </datafield>
        <datafield tag="260" ind1=" " ind2=" ">
            <subfield code="a">[Oslo]</subfield>
            <subfield code="b">[MIC]</subfield>
            <subfield code="c">[2012]</subfield>
        </datafield>
        <datafield tag="300" ind1=" " ind2=" ">
            <subfield code="a">1 partitur (58 s.)</subfield>
            <subfield code="c">26 x 37 cm</subfield>
        </datafield>
        <datafield tag="336" ind1=" " ind2=" ">
            <subfield code="a">notated music</subfield>
            <subfield code="b">ntm</subfield>
            <subfield code="2">rdacontent</subfield>
            <subfield code="0">http://rdaregistry.info/termList/RDAContentType/1010</subfield>
        </datafield>
        <datafield tag="337" ind1=" " ind2=" ">
            <subfield code="a">unmediated</subfield>
            <subfield code="b">n</subfield>
            <subfield code="2">rdamedia</subfield>
            <subfield code="0">http://rdaregistry.info/termList/RDAMediaType/1007</subfield>
        </datafield>
        <datafield tag="338" ind1=" " ind2=" ">
            <subfield code="a">volume</subfield>
            <subfield code="b">nc</subfield>
            <subfield code="2">rdacarrier</subfield>
            <subfield code="0">http://rdaregistry.info/termList/RDACarrierType/1049</subfield>
        </datafield>
        <datafield tag="382" ind1=" " ind2="1">
            <subfield code="a">Talestemme</subfield>
            <subfield code="n">2</subfield>
            <subfield code="a">Solostemme</subfield>
            <subfield code="n">2</subfield>
            <subfield code="s">4</subfield>
            <subfield code="2">emnmus</subfield>
        </datafield>
        <datafield tag="500" ind1=" " ind2=" ">
            <subfield code="a">For 2 solostemmer og 2 talestemmer</subfield>
        </datafield>
        <datafield tag="500" ind1=" " ind2=" ">
            <subfield code="a">Manuskriptkopi</subfield>
        </datafield>
        <datafield tag="655" ind1=" " ind2="7">
            <subfield code="a">Musikktrykk</subfield>
            <subfield code="2">norvok</subfield>
        </datafield>
        <datafield tag="700" ind1="1" ind2=" ">
            <subfield code="a">Fosse, Jon</subfield>
            <subfield code="d">1959-</subfield>
            <subfield code="e">tekstforf.</subfield>
            <subfield code="4">lyr</subfield>
            <subfield code="0">(NO-TrBIB)90114341</subfield>
            <subfield code="4">http://rdaregistry.info/Elements/w/object/P10204</subfield>
            <subfield code="1">http://viaf.org/viaf/34494041</subfield>
        </datafield>
    </record>