
    <record>
        <leader>03295cam a2200733 c 4500</leader>
        <controlfield tag="001">991422033864702202</controlfield>
        <controlfield tag="005">20240820140415.0</controlfield>
        <controlfield tag="007">ta</controlfield>
        <controlfield tag="008">150707s2014    no     e |||||00||f|nno| </controlfield>
        <datafield tag="014" ind1="1" ind2=" ">
            <subfield code="a">142203386</subfield>
            <subfield code="b">(NO-TrBIB)</subfield>
        </datafield>
        <datafield tag="014" ind1="1" ind2=" ">
            <subfield code="a">142203386</subfield>
            <subfield code="b">(NO-TrBIB)</subfield>
        </datafield>
        <datafield tag="020" ind1=" " ind2=" ">
            <subfield code="a">978-82-521-8651-2</subfield>
            <subfield code="q">ib.</subfield>
            <subfield code="c">Nkr 369.00</subfield>
        </datafield>
        <datafield tag="040" ind1=" " ind2=" ">
            <subfield code="a">NO-OsNB</subfield>
            <subfield code="b">nob</subfield>
            <subfield code="e">katreg</subfield>
        </datafield>
        <datafield tag="042" ind1=" " ind2=" ">
            <subfield code="a">norbibl</subfield>
        </datafield>
        <datafield tag="044" ind1=" " ind2=" ">
            <subfield code="c">no</subfield>
        </datafield>
        <datafield tag="082" ind1="7" ind2="4">
            <subfield code="a">839.823</subfield>
            <subfield code="q">NO-OsNB</subfield>
            <subfield code="2">5/nor</subfield>
        </datafield>
        <datafield tag="084" ind1=" " ind2=" ">
            <subfield code="a">S 4</subfield>
            <subfield code="2">oosk</subfield>
        </datafield>
        <datafield tag="100" ind1="1" ind2=" ">
            <subfield code="a">Fosse, Jon</subfield>
            <subfield code="d">1959-</subfield>
            <subfield code="4">aut</subfield>
            <subfield code="0">(NO-TrBIB)90114341</subfield>
            <subfield code="1">http://viaf.org/viaf/34494041</subfield>
            <subfield code="4">http://rdaregistry.info/Elements/w/object/P10061</subfield>
        </datafield>
        <datafield tag="240" ind1="1" ind2="4">
            <subfield code="a">Trilogien</subfield>
            <subfield code="k">Romansamling</subfield>
            <subfield code="1">http://viaf.org/viaf/1062164661877003390007</subfield>
            <subfield code="8">0</subfield>           
        </datafield>
        <datafield tag="740" ind1="1" ind2=" ">
            <subfield code="a">Trilogien</subfield>
            <subfield code="8">0</subfield>
        </datafield>
        <datafield tag="245" ind1="1" ind2="0">
            <subfield code="a">Trilogien</subfield>
            <subfield code="c">Jon Fosse</subfield>
        </datafield>
        <datafield tag="260" ind1=" " ind2=" ">
            <subfield code="a">Oslo</subfield>
            <subfield code="b">Samlaget</subfield>
            <subfield code="c">2014</subfield>
        </datafield>
        <datafield tag="300" ind1=" " ind2=" ">
            <subfield code="a">238 s.</subfield>
        </datafield>
        <datafield tag="336" ind1=" " ind2=" ">
            <subfield code="a">tekst</subfield>
            <subfield code="0">http://rdaregistry.info/termList/RDAContentType/1020</subfield>
            <subfield code="2">rdaco</subfield>
        </datafield>
        <datafield tag="337" ind1=" " ind2=" ">
            <subfield code="a">uformidlet</subfield>
            <subfield code="0">http://rdaregistry.info/termList/RDAMediaType/1007</subfield>
            <subfield code="2">rdamt</subfield>
        </datafield>
        <datafield tag="338" ind1=" " ind2=" ">
            <subfield code="a">bind</subfield>
            <subfield code="0">http://rdaregistry.info/termList/RDACarrierType/1049</subfield>
            <subfield code="2">rdact</subfield>
        </datafield>
        <datafield tag="505" ind1="0" ind2=" ">
            <subfield code="a">Andvake ; Olavs draumar ; Kveldsvævd. 1. utg. henholdsvis 2007, 2012 og 2014</subfield>
        </datafield>
        <datafield tag="533" ind1=" " ind2=" ">
            <subfield code="a">Elektronisk reproduksjon</subfield>
            <subfield code="b">[Norge]</subfield>
            <subfield code="c">Nasjonalbiblioteket Digital</subfield>
            <subfield code="d">2020-05-29</subfield>
        </datafield>
        <datafield tag="653" ind1=" " ind2=" ">
            <subfield code="a">norsk</subfield>
            <subfield code="a">litteratur</subfield>
        </datafield>
        <datafield tag="655" ind1=" " ind2="7">
            <subfield code="a">Romaner</subfield>
            <subfield code="0">(uri)https://id.nb.no/vocabulary/ntsf/258</subfield>
            <subfield code="2">ntsf</subfield>
        </datafield>
        <datafield tag="700" ind1="1" ind2="2">
            <subfield code="a">Fosse, Jon</subfield>
            <subfield code="d">1959-</subfield>
            <subfield code="4">aut</subfield>
            <subfield code="t">Andvake</subfield>
            <subfield code="k">Roman</subfield>
            <subfield code="1">http://viaf.org/viaf/7707165326352216290002</subfield>
            <subfield code="8">1</subfield>
        </datafield>
        <datafield tag="740" ind1="0" ind2="2">
            <subfield code="a">Andvake</subfield>
            <subfield code="8">1</subfield>
        </datafield>
        <datafield tag="700" ind1="1" ind2="2">
            <subfield code="a">Fosse, Jon</subfield>
            <subfield code="d">1959-</subfield>
            <subfield code="4">aut</subfield>
            <subfield code="t">Olavs draumar</subfield>
            <subfield code="k">Roman</subfield>
            <subfield code="1">http://viaf.org/viaf/1535159478113827990002</subfield>
            <subfield code="8">2</subfield>
        </datafield>
        <datafield tag="740" ind1="0" ind2="2">
            <subfield code="a">Olavs draumar</subfield>
            <subfield code="8">2</subfield>
        </datafield>
        <datafield tag="700" ind1="1" ind2="2">
            <subfield code="a">Fosse, Jon</subfield>
            <subfield code="d">1959-</subfield>
            <subfield code="4">aut</subfield>
            <subfield code="t">Kveldsvævd</subfield>
            <subfield code="k">Roman</subfield>
            <subfield code="1">http://viaf.org/viaf/3303165326534316290003</subfield>
            <subfield code="8">3</subfield>
        </datafield>
        <datafield tag="740" ind1="0" ind2="2">
            <subfield code="a">Kveldsvævd</subfield>
            <subfield code="8">3</subfield>
        </datafield>
        <datafield tag="767" ind1="0" ind2=" ">
            <subfield code="6">880-01</subfield>
            <subfield code="t">Thulāthīyat</subfield>
            <subfield code="w">999922160975602201</subfield>
            <subfield code="z">978-977-86380-4-2</subfield>
        </datafield>
        <datafield tag="767" ind1="0" ind2=" ">
            <subfield code="a">Fosse, Jon</subfield>
            <subfield code="t">Trilógia</subfield>
            <subfield code="w">991510056804702201</subfield>
        </datafield>
        <datafield tag="767" ind1="0" ind2=" ">
            <subfield code="a">Fosse, Jon</subfield>
            <subfield code="t">Trilogie :</subfield>
            <subfield code="w">999920113460802201</subfield>
        </datafield>
        <datafield tag="767" ind1="0" ind2=" ">
            <subfield code="a">Fosse, Jon</subfield>
            <subfield code="t">Trilogy</subfield>
            <subfield code="w">999920204315402201</subfield>
        </datafield>
        <datafield tag="767" ind1="0" ind2=" ">
            <subfield code="a">Fosse, Jon</subfield>
            <subfield code="t">Triloogia :</subfield>
            <subfield code="w">999920230587502201</subfield>
        </datafield>
        <datafield tag="767" ind1="0" ind2=" ">
            <subfield code="t">Þrílekurinn</subfield>
            <subfield code="w">999922430874702201</subfield>
            <subfield code="z">5694230018024</subfield>
        </datafield>
        <datafield tag="767" ind1="0" ind2=" ">
            <subfield code="t">Trilogía</subfield>
            <subfield code="w">999920705456402201</subfield>
            <subfield code="z">978-84-17375-14-0</subfield>
        </datafield>
        <datafield tag="767" ind1="0" ind2=" ">
            <subfield code="t">Trilogija</subfield>
            <subfield code="w">999921324670402201</subfield>
            <subfield code="z">978-619-7596-31-1</subfield>
        </datafield>
        <datafield tag="767" ind1="0" ind2=" ">
            <subfield code="t">Trilogin</subfield>
            <subfield code="w">999920064891802201</subfield>
            <subfield code="z">978-91-0-015469-1</subfield>
        </datafield>
        <datafield tag="767" ind1="0" ind2=" ">
            <subfield code="t">Trilogji</subfield>
            <subfield code="w">999922310274602201</subfield>
            <subfield code="z">9789928323439</subfield>
        </datafield>
        <datafield tag="767" ind1="0" ind2=" ">
            <subfield code="t">Triologia</subfield>
            <subfield code="w">999922399870002201</subfield>
            <subfield code="z">978-85-359-3692-6</subfield>
        </datafield>
        <datafield tag="767" ind1="0" ind2=" ">
            <subfield code="t">Üçleme</subfield>
            <subfield code="w">999921333193002201</subfield>
            <subfield code="z">978-605-06775-8-4</subfield>
        </datafield>
    </record>