
    <record>
        <leader>01563cam a2200457 c 4500</leader>
        <controlfield tag="001">991512974014702202</controlfield>
        <controlfield tag="005">20230601074210.0</controlfield>
        <controlfield tag="007">ta</controlfield>
        <controlfield tag="008">150708s2015    xr     e |||||00||j|cze| </controlfield>
        <datafield tag="014" ind1="1" ind2=" ">
            <subfield code="a">151297401</subfield>
            <subfield code="b">(NO-TrBIB)</subfield>
        </datafield>
        <datafield tag="015" ind1=" " ind2=" ">
            <subfield code="a">1522979</subfield>
            <subfield code="2">nbf</subfield>
        </datafield>
        <datafield tag="020" ind1=" " ind2=" ">
            <subfield code="a">9788087855331</subfield>
            <subfield code="q">ib.</subfield>
        </datafield>
        <datafield tag="040" ind1=" " ind2=" ">
            <subfield code="a">NO-OsNB</subfield>
            <subfield code="b">nob</subfield>
            <subfield code="e">katreg</subfield>
        </datafield>
        <datafield tag="041" ind1="1" ind2=" ">
            <subfield code="a">cze</subfield>
            <subfield code="h">nno</subfield>
        </datafield>
        <datafield tag="042" ind1=" " ind2=" ">
            <subfield code="a">norbibl</subfield>
        </datafield>
        <datafield tag="044" ind1=" " ind2=" ">
            <subfield code="c">cz</subfield>
        </datafield>
        <datafield tag="082" ind1="7" ind2="4">
            <subfield code="a">839.823</subfield>
            <subfield code="q">NO-OsNB</subfield>
            <subfield code="2">5/nor</subfield>
        </datafield>
        <datafield tag="100" ind1="1" ind2=" ">
            <subfield code="a">Fosse, Jon</subfield>
            <subfield code="d">1959-</subfield>
            <subfield code="4">aut</subfield>
            <subfield code="0">(NO-TrBIB)90114341</subfield>
            <subfield code="1">http://viaf.org/viaf/34494041</subfield>
            <subfield code="4">http://rdaregistry.info/Elements/w/object/P10061</subfield>
        </datafield>
        <datafield tag="240" ind1="1" ind2="0">
            <subfield code="a">Olavs draumar</subfield>
            <subfield code="k">Roman</subfield>
            <subfield code="1">http://viaf.org/viaf/1535159478113827990002</subfield>
        </datafield>
        <datafield tag="245" ind1="1" ind2="0">
            <subfield code="a">Sny Olavovy :</subfield>
            <subfield code="b">vyprávění</subfield>
            <subfield code="c">Jon Fosse ; z norštiny přeložil Ondřej Vimr</subfield>
        </datafield>
        <datafield tag="246" ind1="1" ind2=" ">
            <subfield code="i">Originaltittel:</subfield>
            <subfield code="a">Olavs draumar</subfield>
        </datafield>
        <datafield tag="260" ind1=" " ind2=" ">
            <subfield code="a">Přibram</subfield>
            <subfield code="b">Pistorius &amp; Olšanská</subfield>
            <subfield code="c">2015</subfield>
        </datafield>
        <datafield tag="300" ind1=" " ind2=" ">
            <subfield code="a">69 s.</subfield>
            <subfield code="c">21 cm</subfield>
        </datafield>
        <datafield tag="336" ind1=" " ind2=" ">
            <subfield code="a">tekst</subfield>
            <subfield code="0">http://rdaregistry.info/termList/RDAContentType/1020</subfield>
            <subfield code="2">rdaco</subfield>
        </datafield>
        <datafield tag="337" ind1=" " ind2=" ">
            <subfield code="a">uformidlet</subfield>
            <subfield code="0">http://rdaregistry.info/termList/RDAMediaType/1007</subfield>
            <subfield code="2">rdamt</subfield>
        </datafield>
        <datafield tag="338" ind1=" " ind2=" ">
            <subfield code="a">bind</subfield>
            <subfield code="0">http://rdaregistry.info/termList/RDACarrierType/1049</subfield>
            <subfield code="2">rdact</subfield>
        </datafield>
        <datafield tag="490" ind1="1" ind2=" ">
            <subfield code="a">Edice scholares</subfield>
            <subfield code="v">svazek 46</subfield>
        </datafield>
        <datafield tag="536" ind1=" " ind2=" ">
            <subfield code="a">NORLA</subfield>
        </datafield>
        <datafield tag="655" ind1=" " ind2="7">
            <subfield code="a">Fortellinger</subfield>
            <subfield code="0">(uri)https://id.nb.no/vocabulary/ntsf/107</subfield>
            <subfield code="2">ntsf</subfield>
        </datafield>
        <datafield tag="700" ind1="1" ind2=" ">
            <subfield code="a">Vimr, Ondřej</subfield>
            <subfield code="d">1978-</subfield>
            <subfield code="4">trl</subfield>
            <subfield code="4">http://rdaregistry.info/Elements/e/object/P20037</subfield>
            <subfield code="0">(NO-TrBIB)10004484</subfield>
            <subfield code="1">http://viaf.org/viaf/85552885</subfield>
        </datafield>
        <datafield tag="765" ind1="0" ind2=" ">
            <subfield code="a">Fosse, Jon</subfield>
            <subfield code="t">Olavs draumar :</subfield>
            <subfield code="w">991149144274702201</subfield>
        </datafield>
        <datafield tag="830" ind1=" " ind2="0">
            <subfield code="a">Edice scholares</subfield>
            <subfield code="v">svazek 46</subfield>
        </datafield>
    </record>