
    <record>
        <leader>01210nam a2200325 c 4500</leader>
        <controlfield tag="001">999919825384902202</controlfield>
        <controlfield tag="005">20230601095659.0</controlfield>
        <controlfield tag="007">ta</controlfield>
        <controlfield tag="008">160128s2016    no     e |||||00||f nno| </controlfield>
        <datafield tag="020" ind1=" " ind2=" ">
            <subfield code="a">978-82-525-8610-7</subfield>
            <subfield code="q">ib.</subfield>
        </datafield>
        <datafield tag="040" ind1=" " ind2=" ">
            <subfield code="a">NO-OsNB</subfield>
            <subfield code="b">nob</subfield>
            <subfield code="e">katreg</subfield>
        </datafield>
        <datafield tag="082" ind1="0" ind2="4">
            <subfield code="a">839.823</subfield>
            <subfield code="2">23/nor</subfield>
            <subfield code="q">NO-OsNB</subfield>
        </datafield>
        <datafield tag="100" ind1="1" ind2=" ">
            <subfield code="a">Fosse, Jon</subfield>
            <subfield code="d">1959-</subfield>
            <subfield code="0">(NO-TrBIB)90114341</subfield>
            <subfield code="1">http://viaf.org/viaf/34494041</subfield>
            <subfield code="4">aut</subfield>
            <subfield code="4">http://rdaregistry.info/Elements/w/object/P10061</subfield>
        </datafield>
        <datafield tag="240" ind1="1" ind2="4">
            <subfield code="a">Trilogien</subfield>
            <subfield code="k">Romansamling</subfield>
            <subfield code="1">http://viaf.org/viaf/1062164661877003390007</subfield>
        </datafield>
        <datafield tag="245" ind1="1" ind2="0">
            <subfield code="a">Trilogien</subfield>
            <subfield code="c">Jon Fosse</subfield>
        </datafield>
        <datafield tag="260" ind1=" " ind2=" ">
            <subfield code="b">Bokklubben</subfield>
            <subfield code="c">2016</subfield>
            <subfield code="a">[Oslo]</subfield>
        </datafield>
        <datafield tag="300" ind1=" " ind2=" ">
            <subfield code="a">238 s.</subfield>
            <subfield code="c">21 cm</subfield>
        </datafield>
        <datafield tag="336" ind1=" " ind2=" ">
            <subfield code="a">tekst</subfield>
            <subfield code="0">http://rdaregistry.info/termList/RDAContentType/1020</subfield>
            <subfield code="2">rdaco</subfield>
        </datafield>
        <datafield tag="337" ind1=" " ind2=" ">
            <subfield code="a">uformidlet</subfield>
            <subfield code="0">http://rdaregistry.info/termList/RDAMediaType/1007</subfield>
            <subfield code="2">rdamt</subfield>
        </datafield>
        <datafield tag="338" ind1=" " ind2=" ">
            <subfield code="a">bind</subfield>
            <subfield code="0">http://rdaregistry.info/termList/RDACarrierType/1049</subfield>
            <subfield code="2">rdact</subfield>
        </datafield>
        <datafield tag="500" ind1=" " ind2=" ">
            <subfield code="a">1. utg. Oslo : Samlaget henholdsvis 2007, 2012 og 2014</subfield>
        </datafield>
        <datafield tag="505" ind1="0" ind2=" ">
            <subfield code="a">Andvake -- Olavs draumar -- Kveldsvævd</subfield>
        </datafield>
        <datafield tag="533" ind1=" " ind2=" ">
            <subfield code="a">Elektronisk reproduksjon</subfield>
            <subfield code="b">[Norge]</subfield>
            <subfield code="c">Nasjonalbiblioteket Digital</subfield>
            <subfield code="d">2021-08-30</subfield>
        </datafield>
        <datafield tag="655" ind1=" " ind2="7">
            <subfield code="a">Romaner</subfield>
            <subfield code="0">(uri)https://id.nb.no/vocabulary/ntsf/258</subfield>
            <subfield code="2">ntsf</subfield>
        </datafield>
        <datafield tag="740" ind1="0" ind2="2">
            <subfield code="a">Andvake</subfield>
        </datafield>
        <datafield tag="740" ind1="0" ind2="2">
            <subfield code="a">Kveldsvævd</subfield>
        </datafield>
        <datafield tag="740" ind1="0" ind2="2">
            <subfield code="a">Olavs draumar</subfield>
        </datafield>
        <datafield tag="700" ind1="1" ind2="2">
            <subfield code="a">Fosse, Jon</subfield>
            <subfield code="d">1959-</subfield>
            <subfield code="4">aut</subfield>
            <subfield code="t">Andvake</subfield>
            <subfield code="k">Roman</subfield>
            <subfield code="1">http://viaf.org/viaf/7707165326352216290002</subfield>
            <subfield code="8">1</subfield>
        </datafield>
        <datafield tag="740" ind1="0" ind2="2">
            <subfield code="a">Andvake</subfield>
            <subfield code="8">1</subfield>
        </datafield>
        <datafield tag="700" ind1="1" ind2="2">
            <subfield code="a">Fosse, Jon</subfield>
            <subfield code="d">1959-</subfield>
            <subfield code="4">aut</subfield>
            <subfield code="t">Olavs draumar</subfield>
            <subfield code="k">Roman</subfield>
            <subfield code="1">http://viaf.org/viaf/1535159478113827990002</subfield>
            <subfield code="8">2</subfield>
        </datafield>
        <datafield tag="740" ind1="0" ind2="2">
            <subfield code="a">Olavs draumar</subfield>
            <subfield code="8">2</subfield>
        </datafield>
        <datafield tag="700" ind1="1" ind2="2">
            <subfield code="a">Fosse, Jon</subfield>
            <subfield code="d">1959-</subfield>
            <subfield code="4">aut</subfield>
            <subfield code="t">Kveldsvævd</subfield>
            <subfield code="k">Roman</subfield>
            <subfield code="1">http://viaf.org/viaf/3303165326534316290003</subfield>
            <subfield code="8">3</subfield>
        </datafield>
        <datafield tag="740" ind1="0" ind2="2">
            <subfield code="a">Kveldsvævd</subfield>
            <subfield code="8">3</subfield>
        </datafield>
    </record>