
    <record>
        <leader>01340nam a2200385 c 4500</leader>
        <controlfield tag="001">999919841491702202</controlfield>
        <controlfield tag="005">20230601101305.0</controlfield>
        <controlfield tag="007">ta</controlfield>
        <controlfield tag="008">160526s2016    gw     | |||||000 f ger  </controlfield>
        <datafield tag="020" ind1=" " ind2=" ">
            <subfield code="a">978-3-498-02065-1</subfield>
            <subfield code="q">ib.</subfield>
        </datafield>
        <datafield tag="040" ind1=" " ind2=" ">
            <subfield code="a">NO-OsNB</subfield>
            <subfield code="b">nob</subfield>
            <subfield code="e">katreg</subfield>
        </datafield>
        <datafield tag="041" ind1="1" ind2=" ">
            <subfield code="a">ger</subfield>
            <subfield code="h">nno</subfield>
        </datafield>
        <datafield tag="082" ind1="0" ind2="4">
            <subfield code="a">839.823</subfield>
            <subfield code="2">23/nor</subfield>
            <subfield code="q">NO-OsNB</subfield>
        </datafield>
        <datafield tag="100" ind1="1" ind2=" ">
            <subfield code="a">Fosse, Jon</subfield>
            <subfield code="d">1959-</subfield>
            <subfield code="0">(NO-TrBIB)90114341</subfield>
            <subfield code="1">http://viaf.org/viaf/34494041</subfield>
            <subfield code="4">aut</subfield>
            <subfield code="4">http://rdaregistry.info/Elements/w/object/P10061</subfield>
        </datafield>
        <datafield tag="240" ind1="1" ind2="4">
            <subfield code="a">Trilogien</subfield>
            <subfield code="k">Romansamling</subfield>
            <subfield code="1">http://viaf.org/viaf/1062164661877003390007</subfield>
            <subfield code="8">0</subfield>           
        </datafield>
        <datafield tag="740" ind1="1" ind2=" ">
            <subfield code="a">Trilogie</subfield>
            <subfield code="8">0</subfield>
        </datafield>
        <datafield tag="245" ind1="1" ind2="0">
            <subfield code="a">Trilogie :</subfield>
            <subfield code="b">Schlaflos, Olavs Träume, Abendmattigkeit</subfield>
            <subfield code="c">Jon Fosse ; aus dem Norwegischen von Hinrich Schmidt-Henkel</subfield>
        </datafield>
        <datafield tag="246" ind1="1" ind2=" ">
            <subfield code="i">Originaltittel:</subfield>
            <subfield code="a">Trilogien</subfield>
        </datafield>
        <datafield tag="260" ind1=" " ind2=" ">
            <subfield code="a">Reinbek bei Hamburg</subfield>
            <subfield code="b">Rowohlt</subfield>
            <subfield code="c">2016</subfield>
        </datafield>
        <datafield tag="300" ind1=" " ind2=" ">
            <subfield code="a">204 s.</subfield>
            <subfield code="c">21 cm</subfield>
        </datafield>
        <datafield tag="336" ind1=" " ind2=" ">
            <subfield code="a">tekst</subfield>
            <subfield code="0">http://rdaregistry.info/termList/RDAContentType/1020</subfield>
            <subfield code="2">rdaco</subfield>
        </datafield>
        <datafield tag="337" ind1=" " ind2=" ">
            <subfield code="a">uformidlet</subfield>
            <subfield code="0">http://rdaregistry.info/termList/RDAMediaType/1007</subfield>
            <subfield code="2">rdamt</subfield>
        </datafield>
        <datafield tag="338" ind1=" " ind2=" ">
            <subfield code="a">bind</subfield>
            <subfield code="0">http://rdaregistry.info/termList/RDACarrierType/1049</subfield>
            <subfield code="2">rdact</subfield>
        </datafield>
        <datafield tag="505" ind1="8" ind2=" ">
            <subfield code="a">Innhold: Schlaflos ; Olavs Träume ; Abendmattigkeit. Originaltitler henholdsvis: Andvake ; Olavs draumar ; Kveldsvævd</subfield>
        </datafield>
        <datafield tag="536" ind1=" " ind2=" ">
            <subfield code="a">NORLA</subfield>
        </datafield>
        <datafield tag="655" ind1=" " ind2="7">
            <subfield code="a">Romaner</subfield>
            <subfield code="0">(uri)https://id.nb.no/vocabulary/ntsf/258</subfield>
            <subfield code="2">ntsf</subfield>
        </datafield>
        <datafield tag="700" ind1="1" ind2=" ">
            <subfield code="a">Schmidt-Henkel, Hinrich</subfield>
            <subfield code="d">1959-</subfield>
            <subfield code="0">(NO-TrBIB)90772685</subfield>
            <subfield code="4">trl</subfield>
            <subfield code="1">http://viaf.org/viaf/79151651</subfield>
            <subfield code="4">http://rdaregistry.info/Elements/e/object/P20037</subfield>
        </datafield>
        <datafield tag="700" ind1="1" ind2="2">
            <subfield code="a">Fosse, Jon</subfield>
            <subfield code="d">1959-</subfield>
            <subfield code="4">aut</subfield>
            <subfield code="t">Andvake</subfield>
            <subfield code="k">Roman</subfield>
            <subfield code="1">http://viaf.org/viaf/7707165326352216290002</subfield>
            <subfield code="8">1</subfield>
        </datafield>
        <datafield tag="740" ind1="0" ind2="2">
            <subfield code="a">Schlaflos</subfield>
            <subfield code="8">1</subfield>
        </datafield>
        <datafield tag="700" ind1="1" ind2="2">
            <subfield code="a">Fosse, Jon</subfield>
            <subfield code="d">1959-</subfield>
            <subfield code="4">aut</subfield>
            <subfield code="t">Olavs draumar</subfield>
            <subfield code="k">Roman</subfield>
            <subfield code="1">http://viaf.org/viaf/1535159478113827990002</subfield>
            <subfield code="8">2</subfield>
        </datafield>
        <datafield tag="740" ind1="0" ind2="2">
            <subfield code="a">Olavs Träume</subfield>
            <subfield code="8">2</subfield>
        </datafield>
        <datafield tag="700" ind1="1" ind2="2">
            <subfield code="a">Fosse, Jon</subfield>
            <subfield code="d">1959-</subfield>
            <subfield code="4">aut</subfield>
            <subfield code="t">Kveldsvævd</subfield>
            <subfield code="k">Roman</subfield>
            <subfield code="1">http://viaf.org/viaf/3303165326534316290003</subfield>
            <subfield code="8">3</subfield>
        </datafield>
        <datafield tag="740" ind1="0" ind2="2">
            <subfield code="a">Olavs Träume</subfield>
            <subfield code="8">3</subfield>
        </datafield>
        <datafield tag="740" ind1="0" ind2="2">
            <subfield code="a">Abendmattigkeit</subfield>
        </datafield>
        <datafield tag="740" ind1="0" ind2="2">
            <subfield code="a">Andvake</subfield>
        </datafield>
        <datafield tag="740" ind1="0" ind2="2">
            <subfield code="a">Kveldsvævd</subfield>
        </datafield>
        <datafield tag="740" ind1="0" ind2="2">
            <subfield code="a">Olavs draumar</subfield>
        </datafield>
        <datafield tag="740" ind1="0" ind2="2">
            <subfield code="a">Olavs Träume</subfield>
        </datafield>
        <datafield tag="740" ind1="0" ind2="2">
            <subfield code="a">Schlaflos</subfield>
        </datafield>
        <datafield tag="765" ind1="0" ind2=" ">
            <subfield code="t">Trilogien</subfield>
            <subfield code="w">991422033864702201</subfield>
        </datafield>
    </record>