
    <record>
        <leader>01022nam a2200313 i 4500</leader>
        <controlfield tag="001">999919851998802202</controlfield>
        <controlfield tag="005">20230601102047.0</controlfield>
        <controlfield tag="007">ta</controlfield>
        <controlfield tag="008">160819s2016    dk     | |||| 000 j dan  </controlfield>
        <datafield tag="020" ind1=" " ind2=" ">
            <subfield code="a">978-87-93209-27-5</subfield>
            <subfield code="q">h.</subfield>
        </datafield>
        <datafield tag="040" ind1=" " ind2=" ">
            <subfield code="a">NO-OsNB</subfield>
            <subfield code="b">nob</subfield>
            <subfield code="e">katreg</subfield>
        </datafield>
        <datafield tag="041" ind1="1" ind2=" ">
            <subfield code="a">dan</subfield>
            <subfield code="h">nno</subfield>
        </datafield>
        <datafield tag="082" ind1="0" ind2="4">
            <subfield code="a">839.823</subfield>
            <subfield code="2">23/nor</subfield>
            <subfield code="q">NO-OsNB</subfield>
        </datafield>
        <datafield tag="100" ind1="1" ind2=" ">
            <subfield code="a">Fosse, Jon</subfield>
            <subfield code="d">1959-</subfield>
            <subfield code="0">(NO-TrBIB)90114341</subfield>
            <subfield code="1">http://viaf.org/viaf/34494041</subfield>
            <subfield code="4">aut</subfield>
            <subfield code="4">http://rdaregistry.info/Elements/w/object/P10061</subfield>
        </datafield>
        <datafield tag="240" ind1="1" ind2="0">
            <subfield code="a">Kveldsvævd</subfield>
            <subfield code="k">Roman</subfield>
            <subfield code="1">http://viaf.org/viaf/3303165326534316290003</subfield>
            <subfield code="8">0</subfield>
        </datafield>
        <datafield tag="740" ind1="1" ind2="0">
            <subfield code="a">Kveldsvævd</subfield>
            <subfield code="8">0</subfield>
        </datafield>
        <datafield tag="245" ind1="1" ind2="0">
            <subfield code="a">Kveldsvævd :</subfield>
            <subfield code="b">fortælling /</subfield>
            <subfield code="c">Jon Fosse ; oversat af Jannie Jensen</subfield>
        </datafield>
        <datafield tag="246" ind1="1" ind2=" ">
            <subfield code="i">Originaltittel:</subfield>
            <subfield code="a">Kveldsvævd</subfield>
        </datafield>
        <datafield tag="250" ind1=" " ind2=" ">
            <subfield code="a">1. udg., 3. opl.</subfield>
        </datafield>
        <datafield tag="260" ind1=" " ind2=" ">
            <subfield code="a">Roskilde :</subfield>
            <subfield code="b">Batzer &amp; Co.,</subfield>
            <subfield code="c">2016</subfield>
        </datafield>
        <datafield tag="300" ind1=" " ind2=" ">
            <subfield code="a">63 s.</subfield>
            <subfield code="c">18 cm</subfield>
        </datafield>
        <datafield tag="336" ind1=" " ind2=" ">
            <subfield code="a">tekst</subfield>
            <subfield code="0">http://rdaregistry.info/termList/RDAContentType/1020</subfield>
            <subfield code="2">rdaco</subfield>
        </datafield>
        <datafield tag="337" ind1=" " ind2=" ">
            <subfield code="a">uformidlet</subfield>
            <subfield code="0">http://rdaregistry.info/termList/RDAMediaType/1007</subfield>
            <subfield code="2">rdamt</subfield>
        </datafield>
        <datafield tag="338" ind1=" " ind2=" ">
            <subfield code="a">bind</subfield>
            <subfield code="0">http://rdaregistry.info/termList/RDACarrierType/1049</subfield>
            <subfield code="2">rdact</subfield>
        </datafield>
        <datafield tag="536" ind1=" " ind2=" ">
            <subfield code="a">Nordisk ministerråd</subfield>
        </datafield>
        <datafield tag="655" ind1=" " ind2="7">
            <subfield code="a">Fortellinger</subfield>
            <subfield code="0">(uri)https://id.nb.no/vocabulary/ntsf/107</subfield>
            <subfield code="2">ntsf</subfield>
        </datafield>
        <datafield tag="700" ind1="1" ind2=" ">
            <subfield code="a">Jensen, Jannie</subfield>
            <subfield code="0">(NO-TrBIB)11054467</subfield>
            <subfield code="1">http://example.org/jensen</subfield>
            <subfield code="4">trl</subfield>
            <subfield code="4">http://rdaregistry.info/Elements/e/object/P20037</subfield>
        </datafield>
        <datafield tag="765" ind1="0" ind2=" ">
            <subfield code="t">Kveldsvævd</subfield>
            <subfield code="w">991334552384702201</subfield>
        </datafield>
    </record>