
    <record>
        <leader>01991nam a2200493 c 4500</leader>
        <controlfield tag="001">999919966187102202</controlfield>
        <controlfield tag="005">20231221134142.0</controlfield>
        <controlfield tag="007">ta</controlfield>
        <controlfield tag="008">181129s2018    sp     e |||||||| 1 spa| </controlfield>
        <datafield tag="020" ind1=" " ind2=" ">
            <subfield code="a">978-84-17375-14-0</subfield>
            <subfield code="q">heftet</subfield>
        </datafield>
        <datafield tag="040" ind1=" " ind2=" ">
            <subfield code="a">NO-OsNB</subfield>
            <subfield code="b">nob</subfield>
            <subfield code="e">rda</subfield>
        </datafield>
        <datafield tag="041" ind1="1" ind2=" ">
            <subfield code="a">spa</subfield>
            <subfield code="h">nno</subfield>
        </datafield>
        <datafield tag="082" ind1="0" ind2="4">
            <subfield code="a">839.82274</subfield>
            <subfield code="2">23/nor</subfield>
            <subfield code="q">NO-OsNB</subfield>
        </datafield>
        <datafield tag="100" ind1="1" ind2=" ">
            <subfield code="a">Fosse, Jon</subfield>
            <subfield code="d">1959-</subfield>
            <subfield code="0">(NO-TrBIB)90114341</subfield>
            <subfield code="1">http://viaf.org/viaf/34494041</subfield>
            <subfield code="4">aut</subfield>
            <subfield code="4">http://rdaregistry.info/Elements/w/object/P10061</subfield>
        </datafield>
        <datafield tag="240" ind1="1" ind2="4">
            <subfield code="a">Trilogien</subfield>
            <subfield code="k">Romansamling</subfield>
            <subfield code="1">http://viaf.org/viaf/1062164661877003390007</subfield>
            <subfield code="8">0</subfield>           
        </datafield>
        <datafield tag="740" ind1="1" ind2=" ">
            <subfield code="a">Trilogía</subfield>
            <subfield code="8">0</subfield>
        </datafield>
        <datafield tag="245" ind1="1" ind2="0">
            <subfield code="a">Trilogía</subfield>
            <subfield code="c">Jon Fosse ; traducido del noruego por Cristina Gómez Baggethun y Kirsti Baggethun</subfield>
        </datafield>
        <datafield tag="264" ind1=" " ind2="1">
            <subfield code="a">Madrid</subfield>
            <subfield code="b">De Conatus</subfield>
            <subfield code="c">2018</subfield>
        </datafield>
        <datafield tag="300" ind1=" " ind2=" ">
            <subfield code="a">160 sider</subfield>
        </datafield>
        <datafield tag="336" ind1=" " ind2=" ">
            <subfield code="a">tekst</subfield>
            <subfield code="0">http://rdaregistry.info/termList/RDAContentType/1020</subfield>
            <subfield code="2">rdaco</subfield>
        </datafield>
        <datafield tag="337" ind1=" " ind2=" ">
            <subfield code="a">uformidlet</subfield>
            <subfield code="0">http://rdaregistry.info/termList/RDAMediaType/1007</subfield>
            <subfield code="2">rdamt</subfield>
        </datafield>
        <datafield tag="338" ind1=" " ind2=" ">
            <subfield code="a">bind</subfield>
            <subfield code="0">http://rdaregistry.info/termList/RDACarrierType/1049</subfield>
            <subfield code="2">rdact</subfield>
        </datafield>
        <datafield tag="490" ind1="1" ind2=" ">
            <subfield code="a">¿Qué nos contamos hoy?</subfield>
        </datafield>
        <datafield tag="500" ind1=" " ind2=" ">
            <subfield code="a">Originaltitler: Andvake ; Olavs draumar ; Kveldsvævd</subfield>
        </datafield>
        <datafield tag="505" ind1="0" ind2=" ">
            <subfield code="a">Vigilia ; Los sueños de Olav ; Desaliento</subfield>
        </datafield>
        <datafield tag="536" ind1=" " ind2=" ">
            <subfield code="a">NORLA</subfield>
        </datafield>
        <datafield tag="655" ind1=" " ind2="7">
            <subfield code="a">Romaner</subfield>
            <subfield code="0">(uri)https://id.nb.no/vocabulary/ntsf/258</subfield>
            <subfield code="2">ntsf</subfield>
        </datafield>
        <datafield tag="700" ind1="1" ind2=" ">
            <subfield code="a">Baggethun, Kirsti</subfield>
            <subfield code="d">1944-</subfield>
            <subfield code="0">(NO-TrBIB)90584630</subfield>
            <subfield code="1">http://viaf.org/viaf/86862314</subfield>
            <subfield code="4">trl</subfield>
            <subfield code="4">http://rdaregistry.info/Elements/e/object/P20037</subfield>
        </datafield>
        <!--<datafield tag="700" ind1="1" ind2=" ">
            <subfield code="a">Fosse, Jon</subfield>
            <subfield code="d">1959-</subfield>
            <subfield code="t">Trilogien</subfield>
            <subfield code="l">Spansk</subfield>
            <subfield code="0">(NO-TrBIB)90114341</subfield>
        </datafield>-->
        <datafield tag="700" ind1="1" ind2=" ">
            <subfield code="a">Gómez Baggethun, Cristina</subfield>
            <subfield code="d">1974-</subfield>
            <subfield code="0">(NO-TrBIB)10053482</subfield>
            <subfield code="1">http://example.org/gomez</subfield>
            <subfield code="4">trl</subfield>
        </datafield>
        <!--<datafield tag="700" ind1="1" ind2=" ">
            <subfield code="i">Oversettelse av:</subfield>
            <subfield code="a">Fosse, Jon</subfield>
            <subfield code="d">1959-</subfield>
            <subfield code="t">Trilogien</subfield>
            <subfield code="l">Norsk</subfield>
            <subfield code="0">(NO-TrBIB)90114341</subfield>
        </datafield>
        <datafield tag="700" ind1="1" ind2="2">
            <subfield code="a">Fosse, Jon</subfield>
            <subfield code="d">1959-</subfield>
            <subfield code="t">Andvake</subfield>
            <subfield code="0">(NO-TrBIB)90114341</subfield>
        </datafield>
        <datafield tag="700" ind1="1" ind2="2">
            <subfield code="a">Fosse, Jon</subfield>
            <subfield code="d">1959-</subfield>
            <subfield code="t">Kveldsvævd</subfield>
            <subfield code="0">(NO-TrBIB)90114341</subfield>
        </datafield>
        <datafield tag="700" ind1="1" ind2="2">
            <subfield code="a">Fosse, Jon</subfield>
            <subfield code="d">1959-</subfield>
            <subfield code="t">Olavs draumar</subfield>
            <subfield code="0">(NO-TrBIB)90114341</subfield>
        </datafield>-->
        <datafield tag="700" ind1="1" ind2="2">
            <subfield code="a">Fosse, Jon</subfield>
            <subfield code="d">1959-</subfield>
            <subfield code="4">aut</subfield>
            <subfield code="t">Andvake</subfield>
            <subfield code="k">Roman</subfield>
            <subfield code="1">http://viaf.org/viaf/7707165326352216290002</subfield>
            <subfield code="8">1</subfield>
        </datafield>
        <datafield tag="740" ind1="0" ind2="2">
            <subfield code="a">Vigilia</subfield>
            <subfield code="8">1</subfield>
        </datafield>
        <datafield tag="700" ind1="1" ind2="2">
            <subfield code="a">Fosse, Jon</subfield>
            <subfield code="d">1959-</subfield>
            <subfield code="4">aut</subfield>
            <subfield code="t">Olavs draumar</subfield>
            <subfield code="k">Roman</subfield>
            <subfield code="1">http://viaf.org/viaf/1535159478113827990002</subfield>
            <subfield code="8">2</subfield>
        </datafield>
        <datafield tag="740" ind1="0" ind2="2">
            <subfield code="a">Los sueños de Olav</subfield>
            <subfield code="8">2</subfield>
        </datafield>
        <datafield tag="700" ind1="1" ind2="2">
            <subfield code="a">Fosse, Jon</subfield>
            <subfield code="d">1959-</subfield>
            <subfield code="4">aut</subfield>
            <subfield code="t">Kveldsvævd</subfield>
            <subfield code="k">Roman</subfield>
            <subfield code="1">http://viaf.org/viaf/3303165326534316290003</subfield>
            <subfield code="8">3</subfield>
        </datafield>
        <datafield tag="740" ind1="0" ind2="2">
            <subfield code="a">Desaliento</subfield>
            <subfield code="8">3</subfield>
        </datafield>
        <datafield tag="740" ind1="0" ind2="2">
            <subfield code="a">Desaliento</subfield>
        </datafield>
        <datafield tag="740" ind1="0" ind2="2">
            <subfield code="a">Vigilia</subfield>
        </datafield>
        <datafield tag="740" ind1="4" ind2="2">
            <subfield code="a">Los sueños de Olav</subfield>
        </datafield>
        <datafield tag="765" ind1="0" ind2=" ">
            <subfield code="t">Trilogien</subfield>
            <subfield code="w">991422033864702201</subfield>
            <subfield code="z">978-82-521-8651-2</subfield>
        </datafield>
        <datafield tag="830" ind1=" " ind2="0">
            <subfield code="a">¿Qué nos contamos hoy?</subfield>
        </datafield>
    </record>