
    <record>
        <leader>01120nam a22002897c 4500</leader>
        <controlfield tag="001">999919995963802202</controlfield>
        <controlfield tag="005">20230601130653.0</controlfield>
        <controlfield tag="007">ta</controlfield>
        <controlfield tag="008">190628s2018    no     | |||||00||0 nno| </controlfield>
        <datafield tag="020" ind1=" " ind2=" ">
            <subfield code="q">heftet</subfield>
        </datafield>
        <datafield tag="040" ind1=" " ind2=" ">
            <subfield code="a">NO-OsNB</subfield>
            <subfield code="b">nob</subfield>
            <subfield code="e">katreg</subfield>
        </datafield>
        <datafield tag="240" ind1="1" ind2="0">
            <subfield code="a">Andvake</subfield>
            <subfield code="k">Program</subfield>
            <subfield code="1">http://viaf.org/viaf/7707165326352216290002/hordalandteater/program</subfield>
        </datafield>   
        <datafield tag="245" ind1="0" ind2="0">
            <subfield code="a">Andvake :</subfield>
            <subfield code="b">en triologi av Jon Fosse</subfield>
        </datafield>
        <datafield tag="260" ind1=" " ind2=" ">
            <subfield code="a">Bergen</subfield>
            <subfield code="b">Hordaland teater</subfield>
            <subfield code="c">2018</subfield>
        </datafield>
        <datafield tag="300" ind1=" " ind2=" ">
            <subfield code="a">4 sider</subfield>
            <subfield code="b">illustrasjoner i farger</subfield>
        </datafield>
        <datafield tag="336" ind1=" " ind2=" ">
            <subfield code="a">tekst</subfield>
            <subfield code="0">http://rdaregistry.info/termList/RDAContentType/1020</subfield>
            <subfield code="2">rdaco</subfield>
        </datafield>
        <datafield tag="337" ind1=" " ind2=" ">
            <subfield code="a">uformidlet</subfield>
            <subfield code="0">http://rdaregistry.info/termList/RDAMediaType/1007</subfield>
            <subfield code="2">rdamt</subfield>
        </datafield>
        <datafield tag="338" ind1=" " ind2=" ">
            <subfield code="a">bind</subfield>
            <subfield code="0">http://rdaregistry.info/termList/RDACarrierType/1049</subfield>
            <subfield code="2">rdact</subfield>
        </datafield>
        <datafield tag="500" ind1=" " ind2=" ">
            <subfield code="a">Urpremiere 23. mai 2018</subfield>
        </datafield>
        <datafield tag="533" ind1=" " ind2=" ">
            <subfield code="a">Elektronisk reproduksjon</subfield>
            <subfield code="b">[Norge]</subfield>
            <subfield code="c">Nasjonalbiblioteket Digital</subfield>
            <subfield code="d">2019-10-14</subfield>
        </datafield>
        <datafield tag="655" ind1=" " ind2="7">
            <subfield code="a">Teaterprogrammer</subfield>
            <subfield code="2">ntsf</subfield>
            <subfield code="0">(uri)https://id.nb.no/vocabulary/ntsf/300</subfield>
        </datafield>
        <datafield tag="700" ind1="1" ind2=" ">
            <subfield code="a">Fosse, Jon</subfield>
            <subfield code="d">1959-</subfield>
            <subfield code="k">Roman</subfield>
            <subfield code="t">Andvake</subfield>
            <subfield code="0">(NO-TrBIB)90114341</subfield>
        </datafield>
        <datafield tag="710" ind1="2" ind2=" ">
            <subfield code="a">Hordaland teater</subfield>
            <subfield code="0">(NO-TrBIB)90605617</subfield>
            <subfield code="4">pbl</subfield>
        </datafield>
    </record>