
   <!-- <record>
        <leader>01550nam a22003497c 4500</leader>
        <controlfield tag="001">999920041997402202</controlfield>
        <controlfield tag="005">20230601133605.0</controlfield>
        <controlfield tag="007">ta</controlfield>
        <controlfield tag="008">200124s2019    no     | |||||00||0 nno| </controlfield>
        <datafield tag="020" ind1=" " ind2=" ">
            <subfield code="q">heftet</subfield>
        </datafield>
        <datafield tag="040" ind1=" " ind2=" ">
            <subfield code="a">NO-OsNB</subfield>
            <subfield code="b">nob</subfield>
            <subfield code="e">katreg</subfield>
        </datafield>
        <datafield tag="130" ind1="0" ind2="4">
            <subfield code="a">Den internasjonale Fossefestivalen</subfield>
            <subfield code="1">http://example.com/fossefestivalenEdda</subfield>
        </datafield>
        <datafield tag="245" ind1="0" ind2="4">
            <subfield code="a">Den internasjonale Fossefestivalen</subfield>
            <subfield code="c">redaksjon: Guro Rendalen og Ida Michaelsen</subfield>
        </datafield>
        <datafield tag="260" ind1=" " ind2=" ">
            <subfield code="a">Oslo</subfield>
            <subfield code="b">Det norske teatret</subfield>
            <subfield code="c">2019</subfield>
        </datafield>
        <datafield tag="300" ind1=" " ind2=" ">
            <subfield code="a">65 s.</subfield>
            <subfield code="b">ill.</subfield>
        </datafield>
        <datafield tag="336" ind1=" " ind2=" ">
            <subfield code="a">tekst</subfield>
            <subfield code="0">http://rdaregistry.info/termList/RDAContentType/1020</subfield>
            <subfield code="2">rdaco</subfield>
        </datafield>
        <datafield tag="337" ind1=" " ind2=" ">
            <subfield code="a">uformidlet</subfield>
            <subfield code="0">http://rdaregistry.info/termList/RDAMediaType/1007</subfield>
            <subfield code="2">rdamt</subfield>
        </datafield>
        <datafield tag="338" ind1=" " ind2=" ">
            <subfield code="a">bind</subfield>
            <subfield code="0">http://rdaregistry.info/termList/RDACarrierType/1049</subfield>
            <subfield code="2">rdact</subfield>
        </datafield>
        <datafield tag="500" ind1=" " ind2=" ">
            <subfield code="a">Fossefestivalen: 6.-8. september 2019</subfield>
        </datafield>
        <datafield tag="533" ind1=" " ind2=" ">
            <subfield code="a">Elektronisk reproduksjon</subfield>
            <subfield code="b">[Norge]</subfield>
            <subfield code="c">Nasjonalbiblioteket Digital</subfield>
            <subfield code="d">2020-07-15</subfield>
        </datafield>
        <datafield tag="655" ind1=" " ind2="7">
            <subfield code="a">Teaterprogrammer</subfield>
            <subfield code="0">(uri)https://id.nb.no/vocabulary/ntsf/300</subfield>
            <subfield code="2">ntsf</subfield>
        </datafield>
        <datafield tag="700" ind1="1" ind2=" ">
            <subfield code="a">Fosse, Jon</subfield>
            <subfield code="d">1959-</subfield>
            <subfield code="t">Leve hemmeleg</subfield>
            <subfield code="0">(NO-TrBIB)90114341</subfield>
        </datafield>
        <datafield tag="700" ind1="1" ind2=" ">
            <subfield code="a">Fosse, Jon</subfield>
            <subfield code="d">1959-</subfield>
            <subfield code="t">Trilogien</subfield>
            <subfield code="0">(NO-TrBIB)90114341</subfield>
        </datafield>
        <datafield tag="700" ind1="1" ind2=" ">
            <subfield code="a">Michaelsen, Ida Marie</subfield>
            <subfield code="d">1968-</subfield>
            <subfield code="0">(NO-TrBIB)90864373</subfield>
            <subfield code="1">http://example.org/michaelsen</subfield>
            <subfield code="4">edt</subfield>
        </datafield>
        <datafield tag="700" ind1="1" ind2=" ">
            <subfield code="a">Redalen, Guro</subfield>
            <subfield code="d">1979-</subfield>
            <subfield code="0">(NO-TrBIB)4042944</subfield>
            <subfield code="1">http://example.org/redalen</subfield>
            <subfield code="4">edt</subfield>
        </datafield>
        <datafield tag="700" ind1="1" ind2=" ">
            <subfield code="i">Har relatert verk av verk:</subfield>
            <subfield code="a">Fosse, Jon</subfield>
            <subfield code="d">1959-</subfield>
            <subfield code="t">Nokon kjem til å kome</subfield>
            <subfield code="0">(NO-TrBIB)90114341</subfield>
        </datafield>
        <datafield tag="710" ind1="2" ind2=" ">
            <subfield code="a">Det Norske teatret</subfield>
            <subfield code="0">(NO-TrBIB)90061105</subfield>
            <subfield code="4">pbl</subfield>
        </datafield>
        <datafield tag="711" ind1="2" ind2=" ">
            <subfield code="a">Den internasjonale Fossefestivalen</subfield>
            <subfield code="c">Oslo</subfield>
            <subfield code="0">(NO-TrBIB)1630354429247</subfield>
        </datafield>
    </record>