-->
    <record>
        <leader>04184nam a2200541 c 4500</leader>
        <controlfield tag="001">999920062186902202</controlfield>
        <controlfield tag="005">20230307092608.0</controlfield>
        <controlfield tag="007">ta</controlfield>
        <controlfield tag="008">200415s2020    no a   e |||||00| 0 nno| </controlfield>
        <datafield tag="020" ind1=" " ind2=" ">
            <subfield code="a">978-82-340-0118-5</subfield>
            <subfield code="q">heftet</subfield>
            <subfield code="c">Nkr 299.00</subfield>
        </datafield>
        <datafield tag="040" ind1=" " ind2=" ">
            <subfield code="a">NO-OsBAS</subfield>
            <subfield code="b">nob</subfield>
            <subfield code="e">rda</subfield>
            <subfield code="d">NO-OsNB</subfield>
        </datafield>
        <datafield tag="082" ind1="0" ind2="4">
            <subfield code="a">807.1</subfield>
            <subfield code="q">NO-OsBAS</subfield>
            <subfield code="2">23/nor</subfield>
        </datafield>
        <datafield tag="083" ind1="0" ind2=" ">
            <subfield code="a">807</subfield>
            <subfield code="2">23</subfield>
        </datafield>
        <datafield tag="130" ind1="0" ind2=" ">
            <subfield code="a">Jon Fosse i skulen</subfield>
            <subfield code="k">Sakprose</subfield>
            <subfield code="1">http://example.com/jonfosseiskulen</subfield>
        </datafield>
        <datafield tag="245" ind1="1" ind2="0">
            <subfield code="a">Jon Fosse i skulen</subfield>
            <subfield code="c">Dag Skarstein og Inger Vederhus (red.)</subfield>
        </datafield>
        <datafield tag="264" ind1=" " ind2="1">
            <subfield code="a">Oslo</subfield>
            <subfield code="b">Samlaget</subfield>
            <subfield code="c">2020</subfield>
        </datafield>
        <datafield tag="300" ind1=" " ind2=" ">
            <subfield code="a">135 sider</subfield>
            <subfield code="b">illustrasjoner</subfield>
            <subfield code="c">25 cm</subfield>
        </datafield>
        <datafield tag="336" ind1=" " ind2=" ">
            <subfield code="a">tekst</subfield>
            <subfield code="0">http://rdaregistry.info/termList/RDAContentType/1020</subfield>
            <subfield code="2">rdaco</subfield>
        </datafield>
        <datafield tag="337" ind1=" " ind2=" ">
            <subfield code="a">uformidlet</subfield>
            <subfield code="0">http://www.rdaregistry.info/termList/RDAMediaType/#1007</subfield>
            <subfield code="2">rdamt</subfield>
        </datafield>
        <datafield tag="338" ind1=" " ind2=" ">
            <subfield code="a">bind</subfield>
            <subfield code="0">http://www.rdaregistry.info/termList/RDACarrierType/#1049</subfield>
            <subfield code="2">rdact</subfield>
        </datafield>
        <datafield tag="505" ind1="0" ind2="0">
            <subfield code="g">Forord./</subfield>
            <subfield code="r">Dag Skarstein og Inger Vederhus -</subfield>
            <subfield code="t">Andvake - Årvåken -  Insomnie /</subfield>
            <subfield code="r">Dag Skarstein og Inger Vederhus. -</subfield>
            <subfield code="t">Nokon kjem til å komme : didaktisk blikk på Fosses dramaturgi /</subfield>
            <subfield code="r">Dag Skarstein. -</subfield>
            <subfield code="t">Eg og du /</subfield>
            <subfield code="r">Mads Breckan Klaudi. -</subfield>
            <subfield code="t">På terskelen til ingenting? /</subfield>
            <subfield code="r">Inger Vederhus. -</subfield>
            <subfield code="t">Det religiøse som eit ope og innbydande rom /</subfield>
            <subfield code="r">Mette Elisabeth Nergård.</subfield>
        </datafield>
        <datafield tag="520" ind1=" " ind2=" ">
            <subfield code="a">Jon Fosse sine tekstar er godt eigna både til konsentrert stillelesing, aktiv utforsking og framføringar på skulescenar. Urøynde lesarar blir fanga av korte tekstar som overraskar, røynde lesarar finn nytt å bryne seg på. Dei relativt små tekstane i ulike sjangrar passar særleg godt til klasseromsbruk og opnar for variert didaktisk tilrettelegging og individuell tilpassing av undervisninga. Lesing av utfordrande tekstar i skulen er eit aktuelt vitskapsfelt i litteraturdidaktikken. Med grunnlag i oppdatert forsking bidrar denne fagfellevurderte antologien med ny innsikt om Jon Fosses ulike sjangrar og bruken av desse i skulen. Boka er skriven for lærarstudentar både på grunn- og vidareutdanninga og har eit gjennomgåande didaktisk perspektiv. Dag Skarstein er førsteamanuensis i norsk og Inger Vederhus er førstelektor i norsk ved OsloMet - Storbyuniversitetet. Dei er begge tilsett ved lærarutdanninga.</subfield>
        </datafield>
        <datafield tag="600" ind1="1" ind2="7">
            <subfield code="a">Fosse, Jon</subfield>
            <subfield code="d">1959-</subfield>
            <subfield code="0">(NO-TrBIB)90114341</subfield>
            <subfield code="1">http://viaf.org/viaf/34494041</subfield>
            <subfield code="2">bare</subfield>
        </datafield>
        <datafield tag="650" ind1=" " ind2="7">
            <subfield code="a">Litteratur</subfield>
            <subfield code="0">(NO-TrBIB)HUME06452</subfield>
            <subfield code="2">humord</subfield>
        </datafield>
        <datafield tag="650" ind1=" " ind2="7">
            <subfield code="a">Litteratur</subfield>
            <subfield code="2">bokbas</subfield>
            <subfield code="9">nno</subfield>
        </datafield>
        <datafield tag="650" ind1=" " ind2="7">
            <subfield code="a">Litteratur</subfield>
            <subfield code="2">bokbas</subfield>
            <subfield code="9">nob</subfield>
        </datafield>
        <datafield tag="650" ind1=" " ind2="7">
            <subfield code="a">Undervisingsmetodikk</subfield>
            <subfield code="2">bokbas</subfield>
            <subfield code="9">nno</subfield>
        </datafield>
        <datafield tag="650" ind1=" " ind2="7">
            <subfield code="a">Undervisning</subfield>
            <subfield code="2">norvok</subfield>
        </datafield>
        <datafield tag="650" ind1=" " ind2="7">
            <subfield code="a">Undervisningsmetoder</subfield>
            <subfield code="0">(NO-TrBIB)HUME07903</subfield>
            <subfield code="2">humord</subfield>
        </datafield>
        <datafield tag="650" ind1=" " ind2="7">
            <subfield code="a">Undervisningsmetodikk</subfield>
            <subfield code="2">bokbas</subfield>
            <subfield code="9">nob</subfield>
        </datafield>
        <datafield tag="653" ind1=" " ind2="0">
            <subfield code="a">norsk litteratur</subfield>
            <subfield code="a">norsk drama</subfield>
            <subfield code="a">samtidsdrama</subfield>
            <subfield code="a">litteraturdidaktikk</subfield>
            <subfield code="a">undervisningsmetodar</subfield>
            <subfield code="a">grunnskolen</subfield>
            <subfield code="a">ungdomsskolen</subfield>
            <subfield code="a">vgs</subfield>
            <subfield code="a">vidaregående skole</subfield>
            <subfield code="a">undervisning</subfield>
        </datafield>
        <datafield tag="700" ind1="1" ind2=" ">
            <subfield code="a">Skarstein, Dag</subfield>
            <subfield code="d">1971-</subfield>
            <subfield code="0">(NO-TrBIB)1076274</subfield>
            <subfield code="4">edt</subfield>
            <subfield code="1">http://viaf.org/viaf/8145970127732251200</subfield>
            <subfield code="4">http://rdaregistry.info/Elements/w/object/P10061</subfield>
        </datafield>
        <datafield tag="700" ind1="1" ind2=" ">
            <subfield code="a">Vederhus, Inger</subfield>
            <subfield code="d">1953-</subfield>
            <subfield code="0">(NO-TrBIB)90170956</subfield>
            <subfield code="4">edt</subfield>
            <subfield code="1">http://viaf.org/viaf/1148207730500341681</subfield>
            <subfield code="4">http://rdaregistry.info/Elements/w/object/P10061</subfield>
            
        </datafield>
    </record>