
    <record>
        <leader>02048nam a2200481 c 4500</leader>
        <controlfield tag="001">999920129691002202</controlfield>
        <controlfield tag="005">20230601145916.0</controlfield>
        <controlfield tag="007">ta</controlfield>
        <controlfield tag="008">210415s2021    bu     e |||||00| f bul| </controlfield>
        <datafield tag="020" ind1=" " ind2=" ">
            <subfield code="a">978-619-7596-31-1</subfield>
            <subfield code="q">heftet</subfield>
        </datafield>
        <datafield tag="040" ind1=" " ind2=" ">
            <subfield code="a">NO-OsNB</subfield>
            <subfield code="b">nob</subfield>
            <subfield code="e">rda</subfield>
        </datafield>
        <datafield tag="041" ind1="1" ind2=" ">
            <subfield code="a">bul</subfield>
            <subfield code="h">nno</subfield>
        </datafield>
        <datafield tag="082" ind1="0" ind2="4">
            <subfield code="a">839.82274</subfield>
            <subfield code="2">23/nor</subfield>
            <subfield code="q">NO-OsNB</subfield>
        </datafield>
        <datafield tag="100" ind1="1" ind2=" ">
            <subfield code="a">Fosse, Jon</subfield>
            <subfield code="d">1959-</subfield>
            <subfield code="0">(NO-TrBIB)90114341</subfield>
            <subfield code="1">http://viaf.org/viaf/34494041</subfield>
            <subfield code="4">aut</subfield>
            <subfield code="4">http://rdaregistry.info/Elements/w/object/P10061</subfield>
        </datafield>
        <datafield tag="240" ind1="1" ind2="4">
            <subfield code="a">Trilogien</subfield>
            <subfield code="k">Romansamling</subfield>
            <subfield code="1">http://viaf.org/viaf/1062164661877003390007</subfield>
            <subfield code="8">0</subfield>           
        </datafield>
        <datafield tag="740" ind1="1" ind2=" ">
            <subfield code="a">Trilogija</subfield>
            <subfield code="8">0</subfield>
        </datafield>
        <datafield tag="245" ind1="1" ind2="0">
            <subfield code="6">880-01</subfield>
            <subfield code="a">Trilogija :</subfield>
            <subfield code="b">Bdenie, Blenuvanijata na Ulav, Otmala</subfield>
            <subfield code="c">Fosse, Jon ; prevod ot novonorvežki Stela Dželenova</subfield>
        </datafield>
        <datafield tag="250" ind1=" " ind2=" ">
            <subfield code="a">Pŭrvo izdanie</subfield>
        </datafield>
        <datafield tag="264" ind1=" " ind2="1">
            <subfield code="a">Sofija</subfield>
            <subfield code="b">List</subfield>
            <subfield code="c">2021</subfield>
        </datafield>
        <datafield tag="300" ind1=" " ind2=" ">
            <subfield code="a">229 sider</subfield>
            <subfield code="c">21 cm</subfield>
        </datafield>
        <datafield tag="336" ind1=" " ind2=" ">
            <subfield code="a">tekst</subfield>
            <subfield code="0">http://rdaregistry.info/termList/RDAContentType/1020</subfield>
            <subfield code="2">rdaco</subfield>
        </datafield>
        <datafield tag="337" ind1=" " ind2=" ">
            <subfield code="a">uformidlet</subfield>
            <subfield code="0">http://rdaregistry.info/termList/RDAMediaType/1007</subfield>
            <subfield code="2">rdamt</subfield>
        </datafield>
        <datafield tag="338" ind1=" " ind2=" ">
            <subfield code="a">bind</subfield>
            <subfield code="0">http://rdaregistry.info/termList/RDACarrierType/1049</subfield>
            <subfield code="2">rdact</subfield>
        </datafield>
        <datafield tag="500" ind1=" " ind2=" ">
            <subfield code="a">Originaltitler: Andvake ; Olavs draumar ; Kveldsvævd</subfield>
        </datafield>
        <datafield tag="505" ind1="0" ind2=" ">
            <subfield code="a">Bdenie ; Blenuvanijata na Ulav ; Otmala</subfield>
        </datafield>
        <datafield tag="536" ind1=" " ind2=" ">
            <subfield code="a">NORLA</subfield>
        </datafield>
        <datafield tag="655" ind1=" " ind2="7">
            <subfield code="a">Romaner</subfield>
            <subfield code="0">(uri)https://id.nb.no/vocabulary/ntsf/258</subfield>
            <subfield code="2">ntsf</subfield>
        </datafield>
        <datafield tag="700" ind1="1" ind2=" ">
            <subfield code="a">Dželepova, Stela</subfield>
            <subfield code="d">1988-</subfield>
            <subfield code="0">(NO-TrBIB)12073885</subfield>
            <subfield code="1">http://example.org/dzelepova</subfield>
            <subfield code="4">trl</subfield>
            <subfield code="4">http://rdaregistry.info/Elements/e/object/P20037</subfield>
        </datafield>
        <!--<datafield tag="700" ind1="1" ind2=" ">
            <subfield code="a">Fosse, Jon</subfield>
            <subfield code="d">1959-</subfield>
            <subfield code="t">Trilogien</subfield>
            <subfield code="l">Bulgarsk</subfield>
            <subfield code="0">(NO-TrBIB)90114341</subfield>
        </datafield>-->
        <!--<datafield tag="700" ind1="1" ind2=" ">
            <subfield code="i">Oversettelse av:</subfield>
            <subfield code="a">Fosse, Jon</subfield>
            <subfield code="d">1959-</subfield>
            <subfield code="t">Trilogien</subfield>
            <subfield code="l">Norsk</subfield>
            <subfield code="0">(NO-TrBIB)90114341</subfield>
        </datafield>-->
        <!--<datafield tag="700" ind1="1" ind2="2">
            <subfield code="a">Fosse, Jon</subfield>
            <subfield code="d">1959-</subfield>
            <subfield code="t">Andvake</subfield>
            <subfield code="l">Bulgarsk</subfield>
            <subfield code="0">(NO-TrBIB)90114341</subfield>
        </datafield>
        <datafield tag="700" ind1="1" ind2="2">
            <subfield code="a">Fosse, Jon</subfield>
            <subfield code="d">1959-</subfield>
            <subfield code="t">Kveldsvævd</subfield>
            <subfield code="l">Bulgarsk</subfield>
            <subfield code="0">(NO-TrBIB)90114341</subfield>
        </datafield>
        <datafield tag="700" ind1="1" ind2="2">
            <subfield code="a">Fosse, Jon</subfield>
            <subfield code="d">1959-</subfield>
            <subfield code="t">Olavs draumar</subfield>
            <subfield code="l">Bulgarsk</subfield>
            <subfield code="0">(NO-TrBIB)90114341</subfield>
        </datafield>-->
        <datafield tag="740" ind1="0" ind2="2">
            <subfield code="a">Bdenie</subfield>
        </datafield>
        <datafield tag="740" ind1="0" ind2="2">
            <subfield code="a">Blenuvanijata na Ulav</subfield>
        </datafield>
        <datafield tag="740" ind1="0" ind2="2">
            <subfield code="a">Otmala</subfield>
        </datafield>
        <datafield tag="700" ind1="1" ind2="2">
            <subfield code="a">Fosse, Jon</subfield>
            <subfield code="d">1959-</subfield>
            <subfield code="4">aut</subfield>
            <subfield code="t">Andvake</subfield>
            <subfield code="k">Roman</subfield>
            <subfield code="1">http://viaf.org/viaf/7707165326352216290002</subfield>
            <subfield code="8">1</subfield>
        </datafield>
        <datafield tag="740" ind1="0" ind2="2">
            <subfield code="a">Bdenie</subfield>
            <subfield code="8">1</subfield>
        </datafield>
        <datafield tag="700" ind1="1" ind2="2">
            <subfield code="a">Fosse, Jon</subfield>
            <subfield code="d">1959-</subfield>
            <subfield code="4">aut</subfield>
            <subfield code="t">Olavs draumar</subfield>
            <subfield code="k">Roman</subfield>
            <subfield code="1">http://viaf.org/viaf/1535159478113827990002</subfield>
            <subfield code="8">2</subfield>
        </datafield>
        <datafield tag="740" ind1="0" ind2="2">
            <subfield code="a">Blenuvanijata na Ulav</subfield>
            <subfield code="8">2</subfield>
        </datafield>
        <datafield tag="700" ind1="1" ind2="2">
            <subfield code="a">Fosse, Jon</subfield>
            <subfield code="d">1959-</subfield>
            <subfield code="4">aut</subfield>
            <subfield code="t">Kveldsvævd</subfield>
            <subfield code="k">Roman</subfield>
            <subfield code="1">http://viaf.org/viaf/3303165326534316290003</subfield>
            <subfield code="8">3</subfield>
        </datafield>
        <datafield tag="740" ind1="0" ind2="2">
            <subfield code="a">Otmala</subfield>
            <subfield code="8">3</subfield>
        </datafield>
        <datafield tag="765" ind1="0" ind2=" ">
            <subfield code="t">Trilogien</subfield>
            <subfield code="w">991422033864702201</subfield>
            <subfield code="z">978-82-521-8651-2</subfield>
        </datafield>
    </record>