
    <record>
        <leader>01541naa a2200361 c 4500</leader>
        <controlfield tag="001">999920158894502202</controlfield>
        <controlfield tag="005">20240111093430.0</controlfield>
        <controlfield tag="007">ta</controlfield>
        <controlfield tag="008">210831s2013    no     e  ||||00||0|nob|c</controlfield>
        <datafield tag="040" ind1=" " ind2=" ">
            <subfield code="a">NO-TrBIB</subfield>
            <subfield code="b">nob</subfield>
            <subfield code="e">rda</subfield>
        </datafield>
        <datafield tag="041" ind1="0" ind2=" ">
            <subfield code="a">nob</subfield>
            <subfield code="b">eng</subfield>
        </datafield>
        <datafield tag="082" ind1="7" ind2="4">
            <subfield code="a">839.823</subfield>
            <subfield code="2">5/nor</subfield>
            <subfield code="q">NO-OsNB</subfield>
        </datafield>
        <datafield tag="100" ind1="1" ind2=" ">
            <subfield code="a">Langås, Unni</subfield>
            <subfield code="d">1957-</subfield>
            <subfield code="0">(NO-TrBIB)90959095</subfield>
            <subfield code="4">aut</subfield>
            <subfield code="1">http://viaf.org/viaf/54314374</subfield>
            <subfield code="4">http://rdaregistry.info/Elements/w/object/P10061</subfield>
        </datafield>
        <datafield tag="240" ind1="0" ind2="0">
            <subfield code="a">Fanget i fortid</subfield>
            <subfield code="k">Sakprosa</subfield>
            <subfield code="1">http://example.org/fangetifortid</subfield>
        </datafield>
        <datafield tag="245" ind1="1" ind2="0">
            <subfield code="a">Fanget i fortid :</subfield>
            <subfield code="b">tre traumefortellinger av Jon Fosse</subfield>
            <subfield code="c">av Unni Langås</subfield>
        </datafield>
        <datafield tag="300" ind1=" " ind2=" ">
            <subfield code="a">Side [217]-234, 251</subfield>
        </datafield>
        <datafield tag="336" ind1=" " ind2=" ">
            <subfield code="a">tekst</subfield>
            <subfield code="0">http://rdaregistry.info/termList/RDAContentType/1020</subfield>
            <subfield code="2">rdaco</subfield>
        </datafield>
        <datafield tag="337" ind1=" " ind2=" ">
            <subfield code="a">uformidlet</subfield>
            <subfield code="0">http://rdaregistry.info/termList/RDAMediaType/1007</subfield>
            <subfield code="2">rdamt</subfield>
        </datafield>
        <datafield tag="338" ind1=" " ind2=" ">
            <subfield code="a">bind</subfield>
            <subfield code="0">http://rdaregistry.info/termList/RDACarrierType/1049</subfield>
            <subfield code="2">rdact</subfield>
        </datafield>
        <datafield tag="500" ind1=" " ind2=" ">
            <subfield code="a">Vitenskapelig artikkel</subfield>
        </datafield>
        <datafield tag="546" ind1=" " ind2=" ">
            <subfield code="a">Engelsk sammendrag</subfield>
        </datafield>
        <datafield tag="600" ind1="1" ind2="7">
            <subfield code="a">Fosse, Jon</subfield>
            <subfield code="d">1959-</subfield>
            <subfield code="t">Det er Ales</subfield>
            <subfield code="0">(NO-TrBIB)90114341</subfield>
            <subfield code="2">bare</subfield>
            <subfield code="k">Roman</subfield>
            <subfield code="1">http://viaf.org/viaf/312484318</subfield>
        </datafield>
        <datafield tag="600" ind1="1" ind2="7">
            <subfield code="a">Fosse, Jon</subfield>
            <subfield code="d">1959-</subfield>
            <subfield code="t">Naustet</subfield>
            <subfield code="0">(NO-TrBIB)90114341</subfield>
            <subfield code="2">bare</subfield>
            <subfield code="k">Roman</subfield>
            <subfield code="1">http://viaf.org/viaf/308067563</subfield>
        </datafield>
        <datafield tag="600" ind1="1" ind2="7">
            <subfield code="a">Fosse, Jon</subfield>
            <subfield code="d">1959-</subfield>
            <subfield code="t">Olavs draumar</subfield>
            <subfield code="0">(NO-TrBIB)90114341</subfield>
            <subfield code="2">bare</subfield>
            <subfield code="k">Roman</subfield>
            <subfield code="1">http://viaf.org/viaf/1535159478113827990002</subfield>
        </datafield>
        <datafield tag="653" ind1=" " ind2=" ">
            <subfield code="a">norsk prosa</subfield>
            <subfield code="a">traumer</subfield>
            <subfield code="a">traumefortellinger</subfield>
        </datafield>
        <datafield tag="655" ind1=" " ind2="7">
            <subfield code="a">Tidsskriftartikler</subfield>
            <subfield code="0">(uri)https://id.nb.no/vocabulary/ntsf/308</subfield>
            <subfield code="2">ntsf</subfield>
        </datafield>
        <!--<datafield tag="700" ind1="1" ind2=" ">
            <subfield code="a">Langås, Unni</subfield>
            <subfield code="d">1957-</subfield>
            <subfield code="t">Fanget i fortid</subfield>
            <subfield code="0">(NO-TrBIB)90959095</subfield>
        </datafield>-->
        <datafield tag="773" ind1="0" ind2=" ">
            <subfield code="t">Edda (trykt utg.)</subfield>
            <subfield code="g">Årg. 100, nr. 3 (2013)</subfield>
            <subfield code="x">0013-0818</subfield>
            <subfield code="w">998541590454702201</subfield>
        </datafield>
    </record>