
    <record>
        <leader>01403naa a2200301 c 4500</leader>
        <controlfield tag="001">999920161903902202</controlfield>
        <controlfield tag="005">20230601154131.0</controlfield>
        <controlfield tag="007">ta</controlfield>
        <controlfield tag="008">210915s2016    no a   e o||||000 0 nob|c</controlfield>
        <datafield tag="040" ind1=" " ind2=" ">
            <subfield code="a">NO-TrBIB</subfield>
            <subfield code="b">nob</subfield>
            <subfield code="e">rda</subfield>
        </datafield>
        <datafield tag="100" ind1="1" ind2=" ">
            <subfield code="a">Bekkelund, Anne Siri Koksrud</subfield>
            <subfield code="d">1983-</subfield>
            <subfield code="0">(NO-TrBIB)1632984698371</subfield>
            <subfield code="1">http://viaf.org/viaf/2163456548504814732</subfield>
            <subfield code="4">rev</subfield>
            <subfield code="4">http://rdaregistry.info/Elements/w/object/P10061</subfield>
        </datafield>
        <datafield tag="240" ind1="0" ind2="0">
            <subfield code="a">Jon Fosse: Andvake-trilogien</subfield>
            <subfield code="k">Bokanmeldelse</subfield>
            <subfield code="1">http://example.org/jonfosseandvaketrilogien</subfield>
        </datafield>
        <datafield tag="245" ind1="1" ind2="0">
            <subfield code="a">Jon Fosse: Andvake-trilogien</subfield>
            <subfield code="c">Anne Siri Koksrud Bekkelund</subfield>
        </datafield>
        <datafield tag="300" ind1=" " ind2=" ">
            <subfield code="a">Side 99</subfield>
            <subfield code="b">illustrasjon</subfield>
        </datafield>
        <datafield tag="336" ind1=" " ind2=" ">
            <subfield code="a">tekst</subfield>
            <subfield code="0">http://rdaregistry.info/termList/RDAContentType/1020</subfield>
            <subfield code="2">rdaco</subfield>
        </datafield>
        <datafield tag="337" ind1=" " ind2=" ">
            <subfield code="a">uformidlet</subfield>
            <subfield code="0">http://rdaregistry.info/termList/RDAMediaType/1007</subfield>
            <subfield code="2">rdamt</subfield>
        </datafield>
        <datafield tag="338" ind1=" " ind2=" ">
            <subfield code="a">bind</subfield>
            <subfield code="0">http://rdaregistry.info/termList/RDACarrierType/1049</subfield>
            <subfield code="2">rdact</subfield>
        </datafield>
        <datafield tag="500" ind1=" " ind2=" ">
            <subfield code="a">Bokanmeldelse av: Trilogien / Jon Fosse (Andvake, Olavs draumar, Kveldsvævd)</subfield>
        </datafield>
        <datafield tag="600" ind1="1" ind2="7">
            <subfield code="a">Fosse, Jon</subfield>
            <subfield code="d">1959-</subfield>
            <subfield code="t">Andvake</subfield>
            <subfield code="0">(NO-TrBIB)90114341</subfield>
            <subfield code="2">bare</subfield>
            <subfield code="k">Roman</subfield>
            <subfield code="1">http://viaf.org/viaf/7707165326352216290002</subfield>
        </datafield>
        <datafield tag="600" ind1="1" ind2="7">
            <subfield code="a">Fosse, Jon</subfield>
            <subfield code="d">1959-</subfield>
            <subfield code="t">Kveldsvævd</subfield>
            <subfield code="0">(NO-TrBIB)90114341</subfield>
            <subfield code="2">bare</subfield>
            <subfield code="k">Roman</subfield>
            <subfield code="1">http://viaf.org/viaf/3303165326534316290003</subfield>
        </datafield>
        <datafield tag="600" ind1="1" ind2="7">
            <subfield code="a">Fosse, Jon</subfield>
            <subfield code="d">1959-</subfield>
            <subfield code="t">Olavs draumar</subfield>
            <subfield code="0">(NO-TrBIB)90114341</subfield>
            <subfield code="2">bare</subfield>
            <subfield code="k">Roman</subfield>
            <subfield code="1">http://viaf.org/viaf/1535159478113827990002</subfield>
        </datafield>
        <datafield tag="600" ind1="1" ind2="7">
            <subfield code="a">Fosse, Jon</subfield>
            <subfield code="d">1959-</subfield>
            <subfield code="t">Trilogien</subfield>
            <subfield code="0">(NO-TrBIB)90114341</subfield>
            <subfield code="2">bare</subfield>
            <subfield code="k">Romansamling</subfield>
            <subfield code="1">http://viaf.org/viaf/1062164661877003390007</subfield>
        </datafield>
        <datafield tag="655" ind1=" " ind2="7">
            <subfield code="a">Bokanmeldelser</subfield>
            <subfield code="0">(uri)https://id.nb.no/vocabulary/ntsf/41</subfield>
            <subfield code="2">ntsf</subfield>
        </datafield>
        <datafield tag="655" ind1=" " ind2="7">
            <subfield code="a">Tidsskriftartikler</subfield>
            <subfield code="0">(uri)https://id.nb.no/vocabulary/ntsf/308</subfield>
            <subfield code="2">ntsf</subfield>
        </datafield>
        <datafield tag="773" ind1="0" ind2=" ">
            <subfield code="t">Minerva (Oslo)</subfield>
            <subfield code="g">Årg. 92, nr. 1 (2016)</subfield>
            <subfield code="x">0805-7842</subfield>
            <subfield code="w">998620398864702201</subfield>
        </datafield>
    </record>