
    <record>
        <leader>03557cam a2200397 c 4500</leader>
        <controlfield tag="001">999920174203902202</controlfield>
        <controlfield tag="005">20240521120017.0</controlfield>
        <controlfield tag="007">cr#|||||||||||</controlfield>
        <controlfield tag="008">180314s2018    no     eo|||||00| 1 nno| </controlfield>
        <datafield tag="020" ind1=" " ind2=" ">
            <subfield code="a">9788279592655</subfield>
        </datafield>
        <datafield tag="040" ind1=" " ind2=" ">
            <subfield code="a">NO-OsBAS</subfield>
            <subfield code="b">nob</subfield>
            <subfield code="d">NO-OsNB</subfield>
            <subfield code="e">katreg</subfield>
        </datafield>
        <datafield tag="082" ind1="0" ind2="4">
            <subfield code="a">839.82274</subfield>
            <subfield code="q">NO-OsBAS</subfield>
            <subfield code="2">23/nor</subfield>
        </datafield>
        <datafield tag="100" ind1="1" ind2=" ">
            <subfield code="a">Fosse, Jon</subfield>
            <subfield code="d">1959-</subfield>
            <subfield code="0">(NO-TrBIB)90114341</subfield>
            <subfield code="1">http://viaf.org/viaf/34494041</subfield>
            <subfield code="4">aut</subfield>
            <subfield code="4">http://rdaregistry.info/Elements/w/object/P10061</subfield>
        </datafield>
        <datafield tag="240" ind1="1" ind2="0">
            <subfield code="a">Edda</subfield>
            <subfield code="k">Play</subfield>
            <subfield code="1">http://example.com/edda</subfield>
            <subfield code="8">0</subfield>
        </datafield>
        <datafield tag="740" ind1="1" ind2="0">
            <subfield code="a">Edda</subfield>
            <subfield code="8">0</subfield>
        </datafield>
        <datafield tag="245" ind1="1" ind2="0">
            <subfield code="a">Edda :</subfield>
            <subfield code="h">[elektronisk ressurs]</subfield>
            <subfield code="b">den eldre Edda i ein scenisk versjon</subfield>
            <subfield code="c">ved Jon Fosse</subfield>
        </datafield>
        <datafield tag="260" ind1=" " ind2=" ">
            <subfield code="a">[Leikanger]</subfield>
            <subfield code="b">Skald</subfield>
            <subfield code="c">2018</subfield>
        </datafield>
        <datafield tag="300" ind1=" " ind2=" ">
            <subfield code="a">1 fil</subfield>
        </datafield>
        <datafield tag="336" ind1=" " ind2=" " a="t">
            <subfield code="a">text</subfield>
            <subfield code="0">http://rdaregistry.info/termList/RDAContentType/1020</subfield>
        </datafield>
        <datafield tag="337" ind1=" " ind2=" " a="t">
            <subfield code="a">computer</subfield>
            <subfield code="0">http://rdaregistry.info/termList/RDAMediaType/1003</subfield>
        </datafield>
        <datafield tag="338" ind1=" " ind2=" " a="t">
            <subfield code="a">online</subfield>
            <subfield code="0">http://rdaregistry.info/termList/RDACarrierType/1018</subfield>
        </datafield>
        <datafield tag="347" ind1=" " ind2=" ">
            <subfield code="a">tekstfil</subfield>
            <subfield code="0">http://www.rdaregistry.info/termList/fileType/#1002</subfield>
            <subfield code="2">rdaft</subfield>
        </datafield>
        <datafield tag="347" ind1=" " ind2=" ">
            <subfield code="b">EPUB 2.0.1</subfield>
        </datafield>
        <datafield tag="520" ind1=" " ind2=" ">
            <subfield code="a">Gudedikta i det som i dag vert kalla Den eldre Edda, har levd i folkemunne i uviss tid før dei blei skrivne ned på Island på 1200- og 1300-talet. Samlinga har blitt gjenoppdaga på midten av 1600-talet og sidan, saman med Snorre-Edda (Den yngre Edda), vore det mest sentrale verket i den norrøne mytologien. Den sceniske versjonen til Jon Fosse byggjer på fleire av dei kjende dikta som Voluspå, Vavtrudnesmål, Grimnesmål, Trymskvida, Loketretta og Balders draumar.  Fosse har gitt dikta si personlege form. Han har skrive ein dramatisk dialog med sterke musikalske og rytmiske kvalitetar, og han maktar å flytte historiene nær oss, samstundes som han held forteljingane og ideane framande og fjerne. Jon Fosse (f. 1959) kjem frå Strandebarm og er no busett i Grotten, statens æresbustad for kunstnarar i Oslo. Han er ein av Noregs viktigaste, nolevande forfattarar og dramatikarar og har stort renommé både i inn- og utlandet, og hans litterære verk er omsette til over 40 språk. Fosse debuterte som skjønnlitterær forfattar i 1983, og har seinare gitt ut både romanar, diktsamlingar, barnebøker og ei essaysamling. I 1993 debuterte han som dramatikar. Skodespela blei hans store internasjonale gjennombrot og er sette opp over tusen gonger over heile verda. Fosse har motteke ei rekkje nasjonale og internasjonale prisar og er av kritikarar blitt omtalt som det 21. hundreårets Beckett. I 2015 vann han Nordisk Råds Litteraturpris for Andvake-trilogien. Boka Fridtjov &amp; Ingebjørg, illustrert av Oddvar Torsheim og formgitt av Silje Nes, vann i 2015 sølv i kåringa Årets vakreste bøker.</subfield>
        </datafield>
        <datafield tag="536" ind1=" " ind2=" ">
            <subfield code="a">Kulturfond</subfield>
        </datafield>
        <datafield tag="650" ind1=" " ind2="7">
            <subfield code="a">Norrøn mytologi</subfield>
            <subfield code="2">bokbas</subfield>
            <subfield code="9">nno</subfield>
        </datafield>
        <datafield tag="650" ind1=" " ind2="7">
            <subfield code="a">Norrøn mytologi</subfield>
            <subfield code="2">bokbas</subfield>
            <subfield code="9">nob</subfield>
        </datafield>
        <datafield tag="655" ind1=" " ind2="7">
            <subfield code="a">Sagaer</subfield>
            <subfield code="0">(uri)https://id.nb.no/vocabulary/ntsf/260</subfield>
            <subfield code="2">ntsf</subfield>
        </datafield>
        <datafield tag="655" ind1=" " ind2="7">
            <subfield code="a">Skuespill</subfield>
            <subfield code="0">(uri)https://id.nb.no/vocabulary/ntsf/583</subfield>
            <subfield code="2">ntsf</subfield>
        </datafield>
    </record>