
    <record>
        <leader>01235naa a2200277 c 4500</leader>
        <controlfield tag="001">999920187098802202</controlfield>
        <controlfield tag="005">20230602052144.0</controlfield>
        <controlfield tag="007">ta</controlfield>
        <controlfield tag="008">220120s2016    no     | |||||00||0 nob|c</controlfield>
        <datafield tag="040" ind1=" " ind2=" ">
            <subfield code="a">NO-TrBIB</subfield>
            <subfield code="b">nob</subfield>
            <subfield code="e">rda</subfield>
        </datafield>
        <datafield tag="100" ind1="1" ind2=" ">
            <subfield code="a">Langås, Unni</subfield>
            <subfield code="d">1957-</subfield>
            <subfield code="0">(NO-TrBIB)90959095</subfield>
            <subfield code="4">aut</subfield>
            <subfield code="1">http://viaf.org/viaf/54314374</subfield>
            <subfield code="4">http://rdaregistry.info/Elements/w/object/P10061</subfield>
        </datafield>
        <datafield tag="240" ind1="0" ind2="0">
            <subfield code="a">Fanget i fortid</subfield>
            <subfield code="k">Sakprosa</subfield>
            <subfield code="1">http://example.org/fangetifortid</subfield>
        </datafield>
        <datafield tag="245" ind1="1" ind2="0">
            <subfield code="a">Fanget i fortid :</subfield>
            <subfield code="b">Jon Fosse: Naustet (1989), Det er Ales (2004), Olavs draumar (2012)</subfield>
        </datafield>
        <datafield tag="264" ind1=" " ind2="1">
            <subfield code="c">2016</subfield>
        </datafield>
        <datafield tag="300" ind1=" " ind2=" ">
            <subfield code="a">Side [35]-55</subfield>
        </datafield>
        <datafield tag="336" ind1=" " ind2=" ">
            <subfield code="a">tekst</subfield>
            <subfield code="0">http://rdaregistry.info/termList/RDAContentType/1020</subfield>
            <subfield code="2">rdaco</subfield>
        </datafield>
        <datafield tag="337" ind1=" " ind2=" ">
            <subfield code="a">uformidlet</subfield>
            <subfield code="0">http://rdaregistry.info/termList/RDAMediaType/1007</subfield>
            <subfield code="2">rdamt</subfield>
        </datafield>
        <datafield tag="338" ind1=" " ind2=" ">
            <subfield code="a">bind</subfield>
            <subfield code="0">http://rdaregistry.info/termList/RDACarrierType/1049</subfield>
            <subfield code="2">rdact</subfield>
        </datafield>
        <datafield tag="600" ind1="1" ind2="7">
            <subfield code="a">Fosse, Jon</subfield>
            <subfield code="d">1959-</subfield>
            <subfield code="t">Det er Ales</subfield>
            <subfield code="0">(NO-TrBIB)90114341</subfield>
            <subfield code="2">bare</subfield>
            <subfield code="k">Roman</subfield>
            <subfield code="1">http://viaf.org/viaf/312484318</subfield>
        </datafield>
        <datafield tag="600" ind1="1" ind2="7">
            <subfield code="a">Fosse, Jon</subfield>
            <subfield code="d">1959-</subfield>
            <subfield code="t">Naustet</subfield>
            <subfield code="0">(NO-TrBIB)90114341</subfield>
            <subfield code="2">bare</subfield>
            <subfield code="k">Roman</subfield>
            <subfield code="1">http://viaf.org/viaf/308067563</subfield>
        </datafield>
        <datafield tag="600" ind1="1" ind2="7">
            <subfield code="a">Fosse, Jon</subfield>
            <subfield code="d">1959-</subfield>
            <subfield code="t">Olavs draumar</subfield>
            <subfield code="0">(NO-TrBIB)90114341</subfield>
            <subfield code="2">bare</subfield>
            <subfield code="k">Roman</subfield>
            <subfield code="1">http://viaf.org/viaf/1535159478113827990002</subfield>
        </datafield>
        <datafield tag="655" ind1=" " ind2="7">
            <subfield code="a">Bokkapitler</subfield>
            <subfield code="0">(uri)https://id.nb.no/vocabulary/ntsf/42</subfield>
            <subfield code="2">ntsf</subfield>
        </datafield>
        <datafield tag="773" ind1="0" ind2=" ">
            <subfield code="a">Langås, Unni</subfield>
            <subfield code="t">Traumets betydning i norsk samtidslitteratur</subfield>
            <subfield code="d">Bergen : Fagbokforlaget, 2016</subfield>
            <subfield code="z">978-82-450-1963-6</subfield>
            <subfield code="w">999920046879602201</subfield>
        </datafield>
    </record>