
    <record>
        <leader>00928caa a2200241#c 4500</leader>
        <controlfield tag="001">999920290650202202</controlfield>
        <controlfield tag="005">20230608103231.0</controlfield>
        <controlfield tag="007">ta</controlfield>
        <controlfield tag="008">201119s2019    no ac||e|    |000|0|dan|#</controlfield>
        <datafield tag="040" ind1=" " ind2=" ">
            <subfield code="a">NO-OsNB</subfield>
            <subfield code="b">nob</subfield>
            <subfield code="e">katreg</subfield>
        </datafield>
        <datafield tag="082" ind1="0" ind2="4">
            <subfield code="a">839.8238</subfield>
            <subfield code="2">23/nor</subfield>
            <subfield code="q">NO-OsNB</subfield>
        </datafield>
        <datafield tag="100" ind1="1" ind2=" ">
            <subfield code="a">Lehmann, Niels</subfield>
            <subfield code="4">aut</subfield>
            <subfield code="1">http://bare.no/90790318</subfield>
            <subfield code="4">http://rdaregistry.info/Elements/w/object/P10061</subfield>
        </datafield>
        <datafield tag="240" ind1="0" ind2="0">
            <subfield code="a">Svævets æstetik</subfield>
            <subfield code="k">Sakprosa</subfield>
            <subfield code="1">http://example.org/svævetsestetikk</subfield>
        </datafield>
        <datafield tag="245" ind1="1" ind2="0">
            <subfield code="a">Svævets æstetik - Jon Fosse som den bestemte ubestemtheds mester</subfield>
        </datafield>
        <datafield tag="300" ind1=" " ind2=" ">
            <subfield code="a">S. 33-44</subfield>
            <subfield code="b">ill., port.</subfield>
        </datafield>
        <datafield tag="336" ind1=" " ind2=" ">
            <subfield code="a">tekst</subfield>
            <subfield code="0">http://rdaregistry.info/termList/RDAContentType/1020</subfield>
            <subfield code="2">rdaco</subfield>
        </datafield>
        <datafield tag="337" ind1=" " ind2=" ">
            <subfield code="a">uformidlet</subfield>
            <subfield code="0">http://rdaregistry.info/termList/RDAMediaType/1007</subfield>
            <subfield code="2">rdamt</subfield>
        </datafield>
        <datafield tag="338" ind1=" " ind2=" ">
            <subfield code="a">bind</subfield>
            <subfield code="0">http://rdaregistry.info/termList/RDACarrierType/1049</subfield>
            <subfield code="2">rdact</subfield>
        </datafield>
        <datafield tag="500" ind1=" " ind2=" ">
            <subfield code="a">Om Jon Fosses romantrilogi: Andvake, Olavs draumar, Kveldsvævd</subfield>
        </datafield>
        <datafield tag="600" ind1="1" ind2="7">
            <subfield code="a">Fosse, Jon</subfield>
            <subfield code="d">1959-</subfield>
            <subfield code="0">(NO-TrBIB)90114341</subfield>            <subfield code="1">http://viaf.org/viaf/34494041</subfield>
            <subfield code="1">http://viaf.org/viaf/34494041</subfield>
            <subfield code="2">bare</subfield>
        </datafield>
        <datafield tag="650" ind1=" " ind2="7">
            <subfield code="a">norsk prosa</subfield>
            <subfield code="2">norart</subfield>
            <subfield code="0">(NO-TrBIB)NORART1020364</subfield>
        </datafield>
        <datafield tag="655" ind1=" " ind2="7">
            <subfield code="a">Tidsskriftartikler</subfield>
            <subfield code="0">(uri)https://id.nb.no/vocabulary/ntsf/308</subfield>
            <subfield code="2">ntsf</subfield>
        </datafield>
        <datafield tag="773" ind1="0" ind2=" ">
            <subfield code="t">Norsk Shakespeare tidsskrift (Oslo : 2017)</subfield>
            <subfield code="g">Nr. 2/3 (2019)</subfield>
            <subfield code="x">2535-4728</subfield>
            <subfield code="w">999920448368602201</subfield>
        </datafield>
    </record>