
    <record>
        <leader>04349cam a2200541 c 4500</leader>
        <controlfield tag="001">999920339890502202</controlfield>
        <controlfield tag="005">20240607094732.0</controlfield>
        <controlfield tag="007">ta</controlfield>
        <controlfield tag="008">221006s2022    no     e |||||||| 0bnno| </controlfield>
        <datafield tag="020" ind1=" " ind2=" ">
            <subfield code="a">978-82-824-0184-5</subfield>
            <subfield code="c">Nkr 398.00</subfield>
            <subfield code="q">innbundet</subfield>
        </datafield>
        <datafield tag="040" ind1=" " ind2=" ">
            <subfield code="a">NO-OsBA</subfield>
            <subfield code="b">nob</subfield>
            <subfield code="e">rda</subfield>
            <subfield code="d">NO-OsNB</subfield>
        </datafield>
        <datafield tag="082" ind1="0" ind2="4">
            <subfield code="a">839.82874</subfield>
            <subfield code="q">NO-OsBA</subfield>
            <subfield code="2">23/nor</subfield>
        </datafield>
        <datafield tag="100" ind1="1" ind2=" ">
            <subfield code="a">Landro, Jan H.</subfield>
            <subfield code="d">1948-</subfield>
            <subfield code="q">(Jan Harald)</subfield>
            <subfield code="0">(NO-TrBIB)90188539</subfield>
            <subfield code="4">aut</subfield>
            <subfield code="4">http://rdaregistry.info/Elements/w/object/P10061</subfield>
            <subfield code="1">http://viaf.org/viaf/5145531</subfield>
        </datafield>
        <datafield tag="240" ind1="0" ind2="0">
            <subfield code="a">Jon Fosse - enkelt og djupt</subfield>
            <subfield code="k">Sakprosa</subfield>
            <subfield code="1">http://example.com/enkeltogdjupt</subfield>
        </datafield>
        <datafield tag="245" ind1="1" ind2="0">
            <subfield code="a">Jon Fosse - enkelt og djupt :</subfield>
            <subfield code="b">om romanane og forteljingane hans</subfield>
            <subfield code="c">Jan H. Landro</subfield>
        </datafield>
        <datafield tag="263" ind1=" " ind2=" ">
            <subfield code="a">221116</subfield>
        </datafield>
        <datafield tag="264" ind1=" " ind2="1">
            <subfield code="a">Førde</subfield>
            <subfield code="b">Selja forlag</subfield>
            <subfield code="c">[2022]</subfield>
        </datafield>
        <datafield tag="300" ind1=" " ind2=" ">
            <subfield code="a">320 sider</subfield>
        </datafield>
        <datafield tag="336" ind1=" " ind2=" ">
            <subfield code="a">tekst</subfield>
            <subfield code="0">http://rdaregistry.info/termList/RDAContentType/1020</subfield>
            <subfield code="2">rdaco</subfield>
        </datafield>
        <datafield tag="337" ind1=" " ind2=" ">
            <subfield code="a">uformidlet</subfield>
            <subfield code="0">http://rdaregistry.info/termList/RDAMediaType/1007</subfield>
            <subfield code="2">rdamt</subfield>
        </datafield>
        <datafield tag="338" ind1=" " ind2=" ">
            <subfield code="a">bind</subfield>
            <subfield code="0">http://rdaregistry.info/termList/RDACarrierType/1049</subfield>
            <subfield code="2">rdact</subfield>
        </datafield>
        <datafield tag="505" ind1="0" ind2="0">
            <subfield code="g">Forord. -</subfield>
            <subfield code="t">Mot avgrunnen (Raudt, svart, 1983). -</subfield>
            <subfield code="t">Smerta i menneskelivet (Stengd gitar, 1985). -</subfield>
            <subfield code="t">Eit sinn i oppløysing (Blod. Steinen er, 1987). -</subfield>
            <subfield code="t">Å skrive seg til eit språk (Naustet, 1989). -</subfield>
            <subfield code="t">Identitetsforvirring (Flaskesamleren, 1991). -</subfield>
            <subfield code="t">Eit avgjerande møte (Bly og vatn, 1992). -</subfield>
            <subfield code="t">Verda snudd opp ned (To forteljingar, 1993). -</subfield>
            <subfield code="t">Lengten etter lyset (Melanchiolia 1-2. 1995-1996). -</subfield>
            <subfield code="t">I grenseland (Morgon og kveld, 2000).-</subfield>
            <subfield code="t">Tapet og skyldkjensla (Der er Ales, 2004). -</subfield>
            <subfield code="t">Kampen for tilværet (Trilogien: Andvake, 2007 ; Olavs Draumar, 2012 ;  Kveldvævd, 2014). -</subfield>
            <subfield code="t">På dødens terskel (Septologien 1-2: Det andre namnet, 2019 ;  3-4.: Eg er ein anna, 2020 ;  6-7. Eit nytt namn 2021). -</subfield>
            <subfield code="t">Intervju med Jon Fosse. -</subfield>
            <subfield code="g">Litteratur.-</subfield>
            <subfield code="g">Personregister. -</subfield>
            <subfield code="g">Siterte verk og enkeltdikt av Jon Fosse .-</subfield>
            <subfield code="g">Bøker av og med Jan H. Landro</subfield>
        </datafield>
        <datafield tag="520" ind1=" " ind2=" ">
            <subfield code="a">Jon Fosse - enkelt og djupt tek lesaren med inn i det særs fasinerande universet til ein av våre største nolevande forfattarar. For første gong vert alle romanane og dei lengre forteljingane hans presenterte og analyserte, kronologisk ordna frå debutromanen Raudt, svart til og med romansyklusen Septologien. Landro deler kunnskapen sin om korleis kvar enkelt bok er blitt til og knyter dette til andre deler av forfattarskapen. Dramatikken og lyrikken til Fosse blir trekt inn i analysane for å kaste lys over samanhengar og utviklingstrekk. I eit omfattande intervju gir Jon Fosse eit interessant innblikk i skrivinga si. Der fortel han korleis han arbeider og kva som ligg bak forfattarskapen. Han kommenterer sjølv bøkene som er analyserte, og går dels i dialog med analysane.</subfield>
        </datafield>
        <datafield tag="546" ind1=" " ind2=" ">
            <subfield code="a">Nynorsk tekst</subfield>
        </datafield>
        <datafield tag="600" ind1="1" ind2="7">
            <subfield code="a">Fosse, Jon</subfield>
            <subfield code="d">1959-</subfield>
            <subfield code="0">(NO-TrBIB)90114341</subfield>
            <subfield code="2">bare</subfield>
            <subfield code="1">http://viaf.org/viaf/34494041</subfield>
        </datafield>
        <datafield tag="655" ind1=" " ind2="7">
            <subfield code="a">Biografier</subfield>
            <subfield code="0">(uri)https://id.nb.no/vocabulary/ntsf/36</subfield>
            <subfield code="2">ntsf</subfield>
        </datafield>
        <!--<datafield tag="700" ind1="1" ind2=" ">
            <subfield code="a">Landro, Jan H.</subfield>
            <subfield code="d">1948-</subfield>
            <subfield code="q">(Jan Harald)</subfield>
            <subfield code="t">Jon Fosse - enkelt og djupt</subfield>
            <subfield code="0">(NO-TrBIB)90188539</subfield>
        </datafield>-->
    </record>