
    <record>
        <leader>01989nam a2200397 c 4500</leader>
        <controlfield tag="001">999920501502402202</controlfield>
        <controlfield tag="005">20240308163019.0</controlfield>
        <controlfield tag="007">cr#|||||||||||</controlfield>
        <controlfield tag="008">240308s2014    no     eo|||||00||0 nno|c</controlfield>
        <datafield tag="020" ind1=" " ind2=" ">
            <subfield code="q">pdf</subfield>
        </datafield>
        <datafield tag="040" ind1=" " ind2=" ">
            <subfield code="a">NO-TrBIB</subfield>
            <subfield code="b">nob</subfield>
            <subfield code="e">rda</subfield>
        </datafield>
        <datafield tag="100" ind1="1" ind2=" ">
            <subfield code="a">Tungevåg, Emmy</subfield>
            <subfield code="d">1957-</subfield>
            <subfield code="0">(NO-TrBIB)1707990460624</subfield>
            <subfield code="4">aut</subfield>
            <subfield code="1">http://viaf.org/viaf/283171191105658030004</subfield>
            <subfield code="4">http://rdaregistry.info/Elements/w/object/P10061</subfield>
        </datafield>
        <datafield tag="240" ind1="0" ind2="0">
            <subfield code="a">Jon Fosse og skriftmystikk</subfield>
            <subfield code="k">Sakprosa</subfield>
            <subfield code="1">http://example.org/jonfosseogskriftmystikk</subfield>
        </datafield>
        <datafield tag="245" ind1="1" ind2="0">
            <subfield code="a">Jon Fosse og skriftmystikk :</subfield>
            <subfield code="b">en analyse av Andvake-trilogien med utgangspunkt i omgrepet skriftmystikk</subfield>
            <subfield code="c">Emmy Tungevåg</subfield>
        </datafield>
        <datafield tag="264" ind1=" " ind2="1">
            <subfield code="a">[Oslo]</subfield>
            <subfield code="b">[Emmy Tungevåg]</subfield>
            <subfield code="c">[2014]</subfield>
        </datafield>
        <datafield tag="300" ind1=" " ind2=" ">
            <subfield code="a">1 online (nettilkoblet) ressurs (63 sider)</subfield>
        </datafield>
        <datafield tag="336" ind1=" " ind2=" ">
            <subfield code="a">tekst</subfield>
            <subfield code="0">http://rdaregistry.info/termList/RDAContentType/1020</subfield>
            <subfield code="2">rdaco</subfield>
        </datafield>
        <datafield tag="337" ind1=" " ind2=" ">
            <subfield code="a">datamaskin</subfield>
            <subfield code="0">http://rdaregistry.info/termList/RDAMediaType/1003</subfield>
            <subfield code="2">rdamt</subfield>
        </datafield>
        <datafield tag="338" ind1=" " ind2=" ">
            <subfield code="a">online (nettilkoblet) ressurs</subfield>
            <subfield code="0">http://rdaregistry.info/termList/RDACarrierType/1018</subfield>
            <subfield code="2">rdact</subfield>
        </datafield>
        <datafield tag="347" ind1=" " ind2=" ">
            <subfield code="a">tekstfil</subfield>
            <subfield code="0">http://rdaregistry.info/termList/fileType/1002</subfield>
            <subfield code="2">rdaft</subfield>
        </datafield>
        <datafield tag="347" ind1=" " ind2=" ">
            <subfield code="b">PDF</subfield>
        </datafield>
        <datafield tag="502" ind1=" " ind2=" ">
            <subfield code="a">Masteroppgave i religion og etikk - Det teologiske menighetsfakultet, 2014</subfield>
        </datafield>
        <datafield tag="588" ind1=" " ind2=" ">
            <subfield code="a">Tittel fra tittelskjermbildet (sett 8. mars 2024)</subfield>
        </datafield>
        <datafield tag="600" ind1="1" ind2="7">
            <subfield code="a">Fosse, Jon</subfield>
            <subfield code="d">1959-</subfield>
            <subfield code="t">Andvake</subfield>
            <subfield code="0">(NO-TrBIB)90114341</subfield>
            <subfield code="2">bare</subfield>
            <subfield code="k">Roman</subfield>
            <subfield code="1">http://viaf.org/viaf/7707165326352216290002</subfield>
        </datafield>
        <datafield tag="600" ind1="1" ind2="7">
            <subfield code="a">Fosse, Jon</subfield>
            <subfield code="d">1959-</subfield>
            <subfield code="t">Kveldsvævd</subfield>
            <subfield code="0">(NO-TrBIB)90114341</subfield>
            <subfield code="2">bare</subfield>
            <subfield code="k">Roman</subfield>
            <subfield code="1">http://viaf.org/viaf/3303165326534316290003</subfield>
        </datafield>
        <datafield tag="600" ind1="1" ind2="7">
            <subfield code="a">Fosse, Jon</subfield>
            <subfield code="d">1959-</subfield>
            <subfield code="t">Olavs draumar</subfield>
            <subfield code="0">(NO-TrBIB)90114341</subfield>
            <subfield code="2">bare</subfield>
            <subfield code="k">Roman</subfield>
            <subfield code="1">http://viaf.org/viaf/1535159478113827990002</subfield>
        </datafield>
        <datafield tag="650" ind1=" " ind2="7">
            <subfield code="a">Mystikk</subfield>
            <subfield code="2">norvok</subfield>
        </datafield>
        <datafield tag="655" ind1=" " ind2="7">
            <subfield code="a">Masteroppgaver</subfield>
            <subfield code="0">(uri)https://id.nb.no/vocabulary/ntsf/190</subfield>
            <subfield code="2">ntsf</subfield>
        </datafield>
        <!--<datafield tag="700" ind1="1" ind2=" ">
            <subfield code="a">Tungevåg, Emmy</subfield>
            <subfield code="d">1957-</subfield>
            <subfield code="t">Jon Fosse og skriftmystikk</subfield>
            <subfield code="0">(NO-TrBIB)1707990460624</subfield>
        </datafield>-->
        <datafield tag="710" ind1="2" ind2=" ">
            <subfield code="a">Det Teologiske menighetsfakultet</subfield>
            <subfield code="0">(NO-TrBIB)90065008</subfield>
            <subfield code="4">dgg</subfield>
        </datafield>
    </record>