
    <record>
        <leader>01469naa a2200313 c 4500</leader>
        <controlfield tag="001">999920539898802202</controlfield>
        <controlfield tag="005">20240731092611.0</controlfield>
        <controlfield tag="007">ta</controlfield>
        <controlfield tag="008">240730s2012    no ac  e |||||0|||0|nob|c</controlfield>
        <datafield tag="040" ind1=" " ind2=" ">
            <subfield code="a">NO-TrBIB</subfield>
            <subfield code="b">nob</subfield>
            <subfield code="e">rda</subfield>
        </datafield>
        <datafield tag="100" ind1="1" ind2=" ">
            <subfield code="a">Økland, Ingunn</subfield>
            <subfield code="d">1969-</subfield>
            <subfield code="0">(NO-TrBIB)90885449</subfield>
            <subfield code="4">rev</subfield>
            <subfield code="1">http://viaf.org/viaf/227983918</subfield>
            <subfield code="4">http://rdaregistry.info/Elements/w/object/P10061</subfield>
        </datafield>
        <datafield tag="240" ind1="0" ind2="0">
            <subfield code="a">Gammelmodig, men lettlest Jon Fosse</subfield>
            <subfield code="k">Bokanmeldelse</subfield>
            <subfield code="1">http://example.com/gammelmodig</subfield>
        </datafield>
        <datafield tag="245" ind1="1" ind2="0">
            <subfield code="a">Gammelmodig, men lettlest Jon Fosse</subfield>
            <subfield code="c">Ingunn Økland</subfield>
        </datafield>
        <datafield tag="264" ind1=" " ind2="1">
            <subfield code="a">Oslo</subfield>
            <subfield code="b">Aftenposten A/S</subfield>
        </datafield>
        <datafield tag="300" ind1=" " ind2=" ">
            <subfield code="a">Side 8</subfield>
            <subfield code="b">illustrasjoner, portrett</subfield>
        </datafield>
        <datafield tag="336" ind1=" " ind2=" ">
            <subfield code="a">tekst</subfield>
            <subfield code="0">http://rdaregistry.info/termList/RDAContentType/1020</subfield>
            <subfield code="2">rdaco</subfield>
        </datafield>
        <datafield tag="337" ind1=" " ind2=" ">
            <subfield code="a">uformidlet</subfield>
            <subfield code="0">http://rdaregistry.info/termList/RDAMediaType/1007</subfield>
            <subfield code="2">rdamt</subfield>
        </datafield>
        <datafield tag="338" ind1=" " ind2=" ">
            <subfield code="a">bind</subfield>
            <subfield code="0">http://rdaregistry.info/termList/RDACarrierType/1049</subfield>
            <subfield code="2">rdact</subfield>
        </datafield>
        <datafield tag="500" ind1=" " ind2=" ">
            <subfield code="a">Bokanmeldelse av: Olavs draumar / Jon Fosse</subfield>
        </datafield>
        <datafield tag="500" ind1=" " ind2=" ">
            <subfield code="a">Del: Kultur &amp; meninger</subfield>
        </datafield>
        <datafield tag="600" ind1="1" ind2="7">
            <subfield code="a">Fosse, Jon</subfield>
            <subfield code="d">1959-</subfield>
            <subfield code="t">Olavs draumar</subfield>
            <subfield code="0">(NO-TrBIB)90114341</subfield>
            <subfield code="2">bare</subfield>
            <subfield code="k">Roman</subfield>
            <subfield code="1">http://viaf.org/viaf/1535159478113827990002</subfield>
        </datafield>
        <datafield tag="655" ind1=" " ind2="7">
            <subfield code="a">Avisartikler</subfield>
            <subfield code="0">(uri)https://id.nb.no/vocabulary/ntsf/21</subfield>
            <subfield code="2">ntsf</subfield>
        </datafield>
        <datafield tag="655" ind1=" " ind2="7">
            <subfield code="a">Bokanmeldelser</subfield>
            <subfield code="0">(uri)https://id.nb.no/vocabulary/ntsf/41</subfield>
            <subfield code="2">ntsf</subfield>
        </datafield>
        <!--<datafield tag="700" ind1="1" ind2=" ">
            <subfield code="a">Økland, Ingunn</subfield>
            <subfield code="d">1969-</subfield>
            <subfield code="0">(NO-TrBIB)90885449</subfield>
            <subfield code="t">Gammelmodig, men lettlest Jon Fosse</subfield>
        </datafield>-->
        <datafield tag="773" ind1="0" ind2=" ">
            <subfield code="t">Aftenposten (trykt utg.)</subfield>
            <subfield code="g">2012 nr. 33, 3/2</subfield>
            <subfield code="x">0804-3116</subfield>
            <subfield code="w">999431109804702201</subfield>
        </datafield>
    </record>